[
{"product_amount": "", "product_link": "", "product_description": "", "product_name": "", "image_link": "", "product_price": "", "former_price": "", "page": "baby-care", "base_price": ""},
{"product_amount": "28pk", "product_link": "https://www.aldi.com.au/en/groceries/baby-care/baby-care-detail/ps/p/mamia-newborn-unisex-nappies-up-to-5kg-28pk/", "product_description": "", "product_name": "Mamia Newborn Unisex Nappies up to 5kg 28pk", "image_link": "https://www.aldi.com.au/fileadmin/fm-dam/Products/Groceries/baby_care/2017/ALN0731_1x1_MAMIA_228x128_.jpg", "product_price": "$4.29", "former_price": "$4.65", "page": "baby-care", "base_price": "15c per nappy"},
{"product_amount": "60pk", "product_link": "https://www.aldi.com.au/en/groceries/baby-care/baby-care-detail/ps/p/mamia-infant-unisex-nappies-4-8kg-60pk/", "product_description": "", "product_name": "Mamia Infant Unisex Nappies 4-8kg 60pk", "image_link": "https://www.aldi.com.au/fileadmin/fm-dam/Products/Groceries/baby_care/2017/ALN0731_1x1_MAMIA_228x128_2.jpg", "product_price": "$10.99", "former_price": "", "page": "baby-care", "base_price": "18c per nappy"},
{"product_amount": "50pk", "product_link": "https://www.aldi.com.au/en/groceries/baby-care/baby-care-detail/ps/p/mamia-toddler-unisex-nappies-10-15kg-50pk/", "product_description": "", "product_name": "Mamia Toddler Unisex Nappies 10-15kg 50pk", "image_link": "https://www.aldi.com.au/fileadmin/fm-dam/Products/Groceries/Award_Winning_Products/Baby_Products/ALC6748_1x1_MAMIA_AWARDS_UPDATE_228x128_5.jpg", "product_price": "$10.99", "former_price": "", "page": "baby-care", "base_price": "22c per nappy"},
{"product_amount": "", "product_link": "", "product_description": "", "product_name": "", "image_link": "", "product_price": "", "former_price": "", "page": "skin-care", "base_price": ""},
{"product_amount": "48pk", "product_link": "https://www.aldi.com.au/en/groceries/baby-care/baby-care-detail/ps/p/mamia-walker-unisex-nappies-13-18kg-48pk/", "product_description": "", "product_name": "Mamia Walker Unisex Nappies 13-18kg 48pk", "image_link": "https://www.aldi.com.au/fileadmin/fm-dam/Products/Groceries/Award_Winning_Products/Baby_Products/ALC6748_1x1_MAMIA_AWARDS_UPDATE_228x128_6.jpg", "product_price": "$10.99", "former_price": "", "page": "baby-care", "base_price": "23c per nappy"},
{"product_amount": "56pk", "product_link": "https://www.aldi.com.au/en/groceries/baby-care/baby-care-detail/ps/p/mamia-crawler-unisex-nappies-6-11kg-56pk/", "product_description": "", "product_name": "Mamia Crawler Unisex Nappies 6-11kg 56pk", "image_link": "https://www.aldi.com.au/fileadmin/fm-dam/Products/Groceries/Award_Winning_Products/Baby_Products/ALC6748_1x1_MAMIA_AWARDS_UPDATE_228x128_4.jpg", "product_price": "$10.99", "former_price": "", "page": "baby-care", "base_price": "20c per nappy"},
{"product_amount": "23pk", "product_link": "https://www.aldi.com.au/en/groceries/baby-care/baby-care-detail/ps/p/mamia-supafit-nappy-pants-23pk-walker-1/", "product_description": "", "product_name": "Mamia Supafit Nappy Pants 23pk \u2013 Walker", "image_link": "https://www.aldi.com.au/fileadmin/fm-dam/Products/Groceries/Home_of_the_Lowest_Prices/ALC7713_1x1_228x128_MAMIA_UPDATE-2_2.jpg", "product_price": "$9.99", "former_price": "$10.99", "page": "baby-care", "base_price": "43c per pant"},
{"product_amount": "", "product_link": "https://www.aldi.com.au/en/groceries/skin-care/skin-care-detail/ps/p/lacura-renew-expert-day-cream-50ml/", "product_description": "", "product_name": "LACURA", "image_link": "https://www.aldi.com.au/fileadmin/fm-dam/Products/Groceries/skin_care/ALC7858_LACURA_UPDATES_1x1_228x128_1.jpg", "product_price": "$9.99", "former_price": "", "page": "skin-care", "base_price": "$19.98 per 100ml"},
{"product_amount": "", "product_link": "https://www.aldi.com.au/en/groceries/skin-care/skin-care-detail/ps/p/lacura-renew-expert-night-cream-50ml/", "product_description": "", "product_name": "LACURA", "image_link": "https://www.aldi.com.au/fileadmin/fm-dam/Products/Groceries/skin_care/ALC7858_LACURA_UPDATES_1x1_228x128_2.jpg", "product_price": "$9.99", "former_price": "", "page": "skin-care", "base_price": "$19.98 per 100ml"},
{"product_amount": "", "product_link": "https://www.aldi.com.au/en/groceries/skin-care/skin-care-detail/ps/p/lacura-revive-hyaluronic-gel-30ml-1/", "product_description": "", "product_name": "LACURA", "image_link": "https://www.aldi.com.au/fileadmin/fm-dam/Products/Groceries/skin_care/ALC7858_LACURA_UPDATES_1x1_228x128_4.jpg", "product_price": "$9.99", "former_price": "", "page": "skin-care", "base_price": "$33.30 per 100ml"},
{"product_amount": "21pk", "product_link": "https://www.aldi.com.au/en/groceries/baby-care/baby-care-detail/ps/p/mamia-supafit-nappy-pants-21pk-junior-1/", "product_description": "", "product_name": "Mamia Supafit Nappy Pants 21pk \u2013 Junior", "image_link": "https://www.aldi.com.au/fileadmin/fm-dam/Products/Groceries/Home_of_the_Lowest_Prices/ALC7713_1x1_228x128_MAMIA_UPDATE-2_1.jpg", "product_price": "$9.99", "former_price": "$10.99", "page": "baby-care", "base_price": "48c per pant"},
{"product_amount": "44pk", "product_link": "https://www.aldi.com.au/en/groceries/baby-care/baby-care-detail/ps/p/mamia-junior-unisex-nappies-16-25kg-44pk-3/", "product_description": "", "product_name": "Mamia Junior Unisex Nappies 16-25kg 44pk", "image_link": "https://www.aldi.com.au/fileadmin/fm-dam/Products/Groceries/Home_of_the_Lowest_Prices/ALC7713_1x1_228x128_MAMIA_UPDATE-2_3.jpg", "product_price": "$10.99", "former_price": "", "page": "baby-care", "base_price": "25c per nappy"},
{"product_amount": "", "product_link": "", "product_description": "", "product_name": "", "image_link": "", "product_price": "", "former_price": "", "page": "baby-care", "base_price": ""},
{"product_amount": "", "product_link": "https://www.aldi.com.au/en/groceries/skin-care/skin-care-detail/ps/p/lacura-revive-night-elixer-30ml/", "product_description": "", "product_name": "LACURA", "image_link": "https://www.aldi.com.au/fileadmin/fm-dam/Products/Groceries/skin_care/ALC7858_LACURA_UPDATES_1x1_228x128_3.jpg", "product_price": "$9.99", "former_price": "", "page": "skin-care", "base_price": "$33.30 per 100ml"},
{"product_amount": "ea", "product_link": "https://www.aldi.com.au/en/groceries/skin-care/skin-care-detail/ps/p/lacura-skin-science-renew-face-day-cream-50ml/", "product_description": "", "product_name": "LACURA", "image_link": "https://www.aldi.com.au/fileadmin/_processed_/7/c/csm_ALC6187_RENEW_1x1_1_73fe50e3b5.jpg", "product_price": "$6.99", "former_price": "$7.99", "page": "skin-care", "base_price": "$13.98 per 100ml"},
{"product_amount": "80pk", "product_link": "https://www.aldi.com.au/en/groceries/baby-care/baby-care-detail/ps/p/mamia-baby-wipes-80pk-scented/", "product_description": "", "product_name": "Mamia Baby Wipes 80pk Scented", "image_link": "https://www.aldi.com.au/fileadmin/fm-dam/Products/Groceries/baby_care/2016_New_Baby_Products/ALC7811_MAMIA-UPDATE_AWARD-1x1_228x128_3.jpg", "product_price": "$1.89", "former_price": "$1.99", "page": "baby-care", "base_price": "$2.36 per 100 wipes"},
{"product_amount": "80pk", "product_link": "https://www.aldi.com.au/en/groceries/baby-care/baby-care-detail/ps/p/mamia-baby-wipes-80pk-fragrance-free/", "product_description": "", "product_name": "Mamia Baby Wipes 80pk Fragrance Free", "image_link": "https://www.aldi.com.au/fileadmin/fm-dam/Products/Groceries/baby_care/2016_New_Baby_Products/ALC7811_MAMIA-UPDATE_AWARD-1x1_228x128_4.jpg", "product_price": "$1.89", "former_price": "$1.99", "page": "baby-care", "base_price": "$2.36 per 100 wipes"},
{"product_amount": "ea", "product_link": "https://www.aldi.com.au/en/groceries/skin-care/skin-care-detail/ps/p/lacura-skin-science-renew-face-night-cream-50ml/", "product_description": "", "product_name": "LACURA", "image_link": "https://www.aldi.com.au/fileadmin/_processed_/4/0/csm_ALC6187_RENEW_1x1_2_52d573da39.jpg", "product_price": "$6.99", "former_price": "$7.99", "page": "skin-care", "base_price": "$13.98 per 100ml"},
{"product_amount": "30pk", "product_link": "https://www.aldi.com.au/en/groceries/skin-care/skin-care-detail/ps/p/lacura-renew-cleansing-wipes-30pk/", "product_description": "", "product_name": "LACURA", "image_link": "https://www.aldi.com.au/fileadmin/fm-dam/images/The_Block/Fuelling_the_Block_2016/ALC7782_THE_BLOCK_1x1_228x128_49.jpg", "product_price": "$1.69", "former_price": "$1.79", "page": "skin-care", "base_price": "6c per wipe"},
{"product_amount": "", "product_link": "https://www.aldi.com.au/en/groceries/skin-care/skin-care-detail/ps/p/more-about-renew/", "product_description": "", "product_name": "More about Renew", "image_link": "https://www.aldi.com.au/fileadmin/_processed_/8/c/csm_ALC6187_BEAUTY_1x1_7_3373478a78.jpg", "product_price": "", "former_price": "", "page": "skin-care", "base_price": ""},
{"product_amount": "240pk", "product_link": "https://www.aldi.com.au/en/groceries/baby-care/baby-care-detail/ps/p/mamia-premium-baby-wipes-scented-240pk-1/", "product_description": "", "product_name": "Mamia Premium Baby Wipes Scented 240pk", "image_link": "https://www.aldi.com.au/fileadmin/fm-dam/Products/Groceries/baby_care/2016_New_Baby_Products/ALC7811_MAMIA-UPDATE_AWARD-1x1_228x128_1.jpg", "product_price": "$7.69", "former_price": "$7.99", "page": "baby-care", "base_price": "$3.20 per 100 wipes"},
{"product_amount": "240pk", "product_link": "https://www.aldi.com.au/en/groceries/baby-care/baby-care-detail/ps/p/mamia-premium-baby-wipes-fragrance-free-240pk-1/", "product_description": "", "product_name": "Mamia Premium Baby Wipes Fragrance Free 240pk", "image_link": "https://www.aldi.com.au/fileadmin/fm-dam/Products/Groceries/baby_care/2016_New_Baby_Products/ALC7811_MAMIA-UPDATE_AWARD-1x1_228x128_2.jpg", "product_price": "$7.69", "former_price": "$7.99", "page": "baby-care", "base_price": "$3.20 per 100 wipes"},
{"product_amount": "", "product_link": "", "product_description": "", "product_name": "", "image_link": "", "product_price": "", "former_price": "", "page": "skin-care", "base_price": ""},
{"product_amount": "ea", "product_link": "https://www.aldi.com.au/en/groceries/skin-care/skin-care-detail/ps/p/lacura-skin-science-revitalise-day-cream-with-soy/", "product_description": "", "product_name": "LACURA", "image_link": "https://www.aldi.com.au/fileadmin/_processed_/d/a/csm_LACURA_UPDATE_1x1_5_dec34b14cc.jpg", "product_price": "$7.99", "former_price": "", "page": "skin-care", "base_price": "$15.98 per 100ml"},
{"product_amount": "", "product_link": "", "product_description": "", "product_name": "", "image_link": "", "product_price": "", "former_price": "", "page": "baby-care", "base_price": ""},
{"product_amount": "ea", "product_link": "https://www.aldi.com.au/en/groceries/baby-care/baby-care-detail/ps/p/mamia-babys-first-breakfast-4mth-fruit-cereal/", "product_description": "", "product_name": "Mamia Baby\u2019s First Breakfast 4mth+ Fruit & Cereal", "image_link": "https://www.aldi.com.au/fileadmin/fm-dam/Products/Groceries/baby_care/2016_New_Baby_Products/ALC7810_Mamia_Baby_Breakfast_1x1_228x128_2.jpg", "product_price": "99", "former_price": "$1.19", "page": "baby-care", "base_price": "83c per 100g"},
{"product_amount": "ea", "product_link": "https://www.aldi.com.au/en/groceries/baby-care/baby-care-detail/ps/p/mamia-babys-first-breakfast-6mth-porridge/", "product_description": "", "product_name": "Mamia Baby\u2019s First Breakfast 6mth+\u00a0 Porridge", "image_link": "https://www.aldi.com.au/fileadmin/fm-dam/Products/Groceries/baby_care/2016_New_Baby_Products/ALC7810_Mamia_Baby_Breakfast_1x1_228x128_1.jpg", "product_price": "99", "former_price": "$1.19", "page": "baby-care", "base_price": "83c per 100g"},
{"product_amount": "ea", "product_link": "https://www.aldi.com.au/en/groceries/skin-care/skin-care-detail/ps/p/lacura-skin-science-revitalise-night-cream-with-so/", "product_description": "", "product_name": "LACURA", "image_link": "https://www.aldi.com.au/fileadmin/_processed_/7/d/csm_LACURA_UPDATE_1x1_6_d6675c0c15.jpg", "product_price": "$7.99", "former_price": "", "page": "skin-care", "base_price": "$15.98 per 100ml"},
{"product_amount": "ea", "product_link": "https://www.aldi.com.au/en/groceries/skin-care/skin-care-detail/ps/p/lacura-revitalise-multi-intensive-serum-50ml/", "product_description": "", "product_name": "LACURA", "image_link": "https://www.aldi.com.au/fileadmin/_processed_/2/6/csm_LACURA_UPDATE_1x1_1_907c2891e8.jpg", "product_price": "$7.99", "former_price": "", "page": "skin-care", "base_price": "$15.98 per 100ml"},
{"product_amount": "30pk", "product_link": "https://www.aldi.com.au/en/groceries/skin-care/skin-care-detail/ps/p/lacura-essentials-revitalise-cleansing-wipes-30pk/", "product_description": "", "product_name": "LACURA", "image_link": "https://www.aldi.com.au/fileadmin/fm-dam/images/The_Block/Fuelling_the_Block_2016/ALC7782_THE_BLOCK_1x1_228x128_48.jpg", "product_price": "$1.69", "former_price": "$1.79", "page": "skin-care", "base_price": "6c per wipe"},
{"product_amount": "ea", "product_link": "https://www.aldi.com.au/en/groceries/baby-care/baby-care-detail/ps/p/mamia-babys-first-breakfast-6mth-muesli/", "product_description": "", "product_name": "Mamia Baby\u2019s First Breakfast 6mth+\u00a0 Muesli", "image_link": "https://www.aldi.com.au/fileadmin/fm-dam/Products/Groceries/baby_care/2016_New_Baby_Products/ALC7810_Mamia_Baby_Breakfast_1x1_228x128_3.jpg", "product_price": "99", "former_price": "$1.19", "page": "baby-care", "base_price": "83c per 100g"},
{"product_amount": "ea", "product_link": "https://www.aldi.com.au/en/groceries/baby-care/baby-care-detail/ps/p/mamia-organic-baby-fruit-4-months-120g/", "product_description": "", "product_name": "Mamia Organic Baby Fruit 4 Months+ 120g", "image_link": "https://www.aldi.com.au/fileadmin/fm-dam/Products/Groceries/baby_care/2017/ALN0979_MAMIA_1x1_228x128_2.jpg", "product_price": "99", "former_price": "$1.09", "page": "baby-care", "base_price": "83c per 100g"},
{"product_amount": "", "product_link": "https://www.aldi.com.au/en/groceries/skin-care/skin-care-detail/ps/p/more-about-revitalise/", "product_description": "", "product_name": "More about Revitalise", "image_link": "https://www.aldi.com.au/fileadmin/_processed_/1/4/csm_ALC6187_BEAUTY_1x1_8_29e0686de9.jpg", "product_price": "", "former_price": "", "page": "skin-care", "base_price": ""},
{"product_amount": "ea", "product_link": "https://www.aldi.com.au/en/groceries/baby-care/baby-care-detail/ps/p/mamia-organic-baby-veggie-puree-4-months-120g/", "product_description": "", "product_name": "Mamia Organic Baby Veggie Puree 4 Months+ 120g", "image_link": "https://www.aldi.com.au/fileadmin/fm-dam/Products/Groceries/baby_care/WK_32_2015/ALC7017_1x1_228x128_3.jpg", "product_price": "99", "former_price": "$1.39", "page": "baby-care", "base_price": "83c per 100g"},
{"product_amount": "ea", "product_link": "https://www.aldi.com.au/en/groceries/baby-care/baby-care-detail/ps/p/mamia-baby-food-desserts-6-months-120g/", "product_description": "", "product_name": "Mamia Baby Food Desserts 6 Months+ 120g", "image_link": "https://www.aldi.com.au/fileadmin/fm-dam/Products/Groceries/baby_care/WK_32_2015/ALC7017_1x1_228x128_1.jpg", "product_price": "99", "former_price": "$1.09", "page": "baby-care", "base_price": "83c per 100g"},
{"product_amount": "", "product_link": "", "product_description": "", "product_name": "", "image_link": "", "product_price": "", "former_price": "", "page": "skin-care", "base_price": ""},
{"product_amount": "ea", "product_link": "https://www.aldi.com.au/en/groceries/skin-care/skin-care-detail/ps/p/lacura-facial-wash-150ml-purify-exfoliating-wash/", "product_description": "", "product_name": "LACURA", "image_link": "https://www.aldi.com.au/fileadmin/_processed_/b/1/csm_ALC6187_BEAUTY_1x1_4_18fba214e2.jpg", "product_price": "$3.69", "former_price": "$3.99", "page": "skin-care", "base_price": "$2.46 per 100ml"},
{"product_amount": "ea", "product_link": "https://www.aldi.com.au/en/groceries/skin-care/skin-care-detail/ps/p/lacura-facial-wash-150ml-fine-balance-cleansing-ge/", "product_description": "", "product_name": "LACURA", "image_link": "https://www.aldi.com.au/fileadmin/_processed_/a/6/csm_ALC6187_BEAUTY_1x1_5_aae4a8f39a.jpg", "product_price": "$3.69", "former_price": "$3.99", "page": "skin-care", "base_price": "$2.46 per 100ml"},
{"product_amount": "ea", "product_link": "https://www.aldi.com.au/en/groceries/baby-care/baby-care-detail/ps/p/mamia-premium-baby-food-6-months-120g/", "product_description": "", "product_name": "Mamia Premium Baby Food 6+ Months 120g", "image_link": "https://www.aldi.com.au/fileadmin/fm-dam/Products/Groceries/baby_care/WK_32_2015/ALC7017_1x1_228x128_2.jpg", "product_price": "99", "former_price": "$1.09", "page": "baby-care", "base_price": "83c per 100g"},
{"product_amount": "ea", "product_link": "https://www.aldi.com.au/en/groceries/baby-care/baby-care-detail/ps/p/mamia-baby-food-10-months-casserole-170g/", "product_description": "", "product_name": "Mamia Baby Food Dinners 10+ months -\u00a0 Casserole 170g", "image_link": "https://www.aldi.com.au/fileadmin/fm-dam/Products/Groceries/baby_care/2016_New_Baby_Products/ALC7717_1x1_228x128_BABYFOOD_.jpg", "product_price": "$1.29", "former_price": "$1.59", "page": "baby-care", "base_price": "76c per 100g"},
{"product_amount": "", "product_link": "https://www.aldi.com.au/en/groceries/liquor/spirits/laundry-detail/ps/p/highland-black-8yo-scotch-whisky-700ml-1/", "product_description": "", "product_name": "Highland Black 8yo Scotch Whisky 700ml", "image_link": "https://www.aldi.com.au/fileadmin/fm-dam/Products/Groceries/Liquor/2017/ALN0550_1x1_HIGHLAND_SCOTCH_228x128_2.jpg", "product_price": "$34.99", "former_price": "", "page": "spirits", "base_price": ""},
{"product_amount": "30pk", "product_link": "https://www.aldi.com.au/en/groceries/skin-care/skin-care-detail/ps/p/lacura-fine-balance-cleansing-wipes-30pk/", "product_description": "", "product_name": "LACURA", "image_link": "https://www.aldi.com.au/fileadmin/fm-dam/images/The_Block/Fuelling_the_Block_2016/ALC7782_THE_BLOCK_1x1_228x128_46.jpg", "product_price": "$1.69", "former_price": "$1.79", "page": "skin-care", "base_price": "6c per wipe"},
{"product_amount": "30pk", "product_link": "https://www.aldi.com.au/en/groceries/skin-care/skin-care-detail/ps/p/lacura-caring-cleansing-wipes-30pk/", "product_description": "", "product_name": "LACURA", "image_link": "https://www.aldi.com.au/fileadmin/fm-dam/images/The_Block/Fuelling_the_Block_2016/ALC7782_THE_BLOCK_1x1_228x128_47.jpg", "product_price": "$1.69", "former_price": "$1.79", "page": "skin-care", "base_price": "6c per wipe"},
{"product_amount": "ea", "product_link": "https://www.aldi.com.au/en/groceries/baby-care/baby-care-detail/ps/p/mamia-baby-food-10-months-with-pasta-170g/", "product_description": "", "product_name": "Mamia Baby Food Dinners 10+ months - with Pasta 170g", "image_link": "https://www.aldi.com.au/fileadmin/fm-dam/Products/Groceries/baby_care/2016_New_Baby_Products/ALC7717_1x1_228x128_BABYFOOD_2.jpg", "product_price": "$1.29", "former_price": "$1.59", "page": "baby-care", "base_price": "76c per 100g"},
{"product_amount": "ea", "product_link": "https://www.aldi.com.au/en/groceries/baby-care/baby-care-detail/ps/p/mamia-baby-food-10-months-with-rice/", "product_description": "", "product_name": "Mamia Baby Food Dinners 10+ months \u2013 with Rice", "image_link": "https://www.aldi.com.au/fileadmin/fm-dam/Products/Groceries/baby_care/2016_New_Baby_Products/ALC7717_1x1_228x128_BABYFOOD_3.jpg", "product_price": "$1.29", "former_price": "$1.59", "page": "baby-care", "base_price": "76c per 100g"},
{"product_amount": "8pk", "product_link": "https://www.aldi.com.au/en/groceries/baby-care/baby-care-detail/ps/p/mamia-fruit-snack-cereal-bars-apple-12-months-128g/", "product_description": "", "product_name": "Mamia Fruit Snack Cereal Bars Apple 12+ months 128g", "image_link": "https://www.aldi.com.au/fileadmin/fm-dam/Products/Groceries/Home_of_the_Lowest_Prices/2016/ALC7717_1x1_228x128-sfb-apple.jpg", "product_price": "$2.69", "former_price": "", "page": "baby-care", "base_price": "$2.10 per 100g"},
{"product_amount": "", "product_link": "https://www.aldi.com.au/en/groceries/liquor/spirits/laundry-detail/ps/p/tamova-quadruple-distilled-vodka-700ml-2/", "product_description": "", "product_name": "Tamova Quadruple Distilled Vodka 700mL", "image_link": "https://www.aldi.com.au/fileadmin/fm-dam/Products/Groceries/Liquor/Liquor_Products/ALC7312_LIQUOR_1x1s_228x128_106.jpg", "product_price": "$26.99", "former_price": "", "page": "spirits", "base_price": ""},
{"product_amount": "", "product_link": "https://www.aldi.com.au/en/groceries/liquor/spirits/laundry-detail/ps/p/darleys-london-style-gin-700ml/", "product_description": "", "product_name": "Darley's London Style Gin 700ml", "image_link": "https://www.aldi.com.au/fileadmin/fm-dam/Products/Groceries/Liquor/New/new_ALC7345_LIQUOR_1x1s_4.jpg", "product_price": "$27.99", "former_price": "", "page": "spirits", "base_price": ""},
{"product_amount": "", "product_link": "https://www.aldi.com.au/en/groceries/liquor/spirits/laundry-detail/ps/p/highland-earl-blended-scotch-whiskey-700ml/", "product_description": "", "product_name": "Highland Earl Blended Scotch Whisky 700mL", "image_link": "https://www.aldi.com.au/fileadmin/fm-dam/Products/Groceries/Liquor/Liquor_NO_Vintages/ALC7345_LIQUOR_AWARD_1x1s_228x128_Earl.jpg", "product_price": "$27.99", "former_price": "$29.99", "page": "spirits", "base_price": ""},
{"product_amount": "8pk", "product_link": "https://www.aldi.com.au/en/groceries/baby-care/baby-care-detail/ps/p/mamia-fruit-snack-cereal-bars-banana-12-months-128/", "product_description": "", "product_name": "Mamia Fruit Snack Cereal Bars Banana 12+ months 128g", "image_link": "https://www.aldi.com.au/fileadmin/fm-dam/Products/Groceries/Home_of_the_Lowest_Prices/2016/ALC7717_1x1_228x128-sfb-banana.jpg", "product_price": "$2.69", "former_price": "", "page": "baby-care", "base_price": "2.10 per 100g"},
{"product_amount": "", "product_link": "https://www.aldi.com.au/en/groceries/baby-care/baby-care-detail/ps/p/mamia-fruit-oat-bars-90g-strawberry-12-months/", "product_description": "", "product_name": "Mamia Fruit & Oat Bars 90g - Strawberry 12+ Months", "image_link": "https://www.aldi.com.au/fileadmin/fm-dam/Products/Groceries/baby_care/2016_New_Baby_Products/ALC7943_Mamia_Food_Additions_1x1_228x128_2.jpg", "product_price": "$2.49", "former_price": "", "page": "baby-care", "base_price": "$2.77 per 100g"},
{"product_amount": "", "product_link": "https://www.aldi.com.au/en/groceries/liquor/spirits/laundry-detail/ps/p/bluegrass-kentucky-straight-bourbon-700ml-1/", "product_description": "", "product_name": "Bluegrass Kentucky Bourbon 700mL", "image_link": "https://www.aldi.com.au/fileadmin/fm-dam/Products/Groceries/Liquor/Liquor_Products_Phase_2/ALC7312_LIQUOR_AWARDS_1x1s_228x128_10.jpg", "product_price": "$29.99", "former_price": "", "page": "spirits", "base_price": ""},
{"product_amount": "", "product_link": "https://www.aldi.com.au/en/groceries/liquor/spirits/laundry-detail/ps/p/jim-beam-bourbon-700ml/", "product_description": "", "product_name": "Jim Beam Bourbon 700ml", "image_link": "https://www.aldi.com.au/fileadmin/fm-dam/Products/Groceries/Liquor/Liquor_Products_Phase_4/ALC7312_LIQUOR_1x1s_228x128_4.jpg", "product_price": "$34.99", "former_price": "", "page": "spirits", "base_price": ""},
{"product_amount": "", "product_link": "https://www.aldi.com.au/en/groceries/liquor/spirits/laundry-detail/ps/p/baroque-brandy-700ml-2/", "product_description": "", "product_name": "Baroque Brandy 700ml", "image_link": "https://www.aldi.com.au/fileadmin/fm-dam/Products/Groceries/Liquor/Liquor_Products/ALC7312_LIQUOR_1x1s_228x128_16.jpg", "product_price": "$26.99", "former_price": "", "page": "spirits", "base_price": ""},
{"product_amount": "", "product_link": "https://www.aldi.com.au/en/groceries/baby-care/baby-care-detail/ps/p/mamia-fruit-oat-bars-90g-apple-raisin-with-yogurt/", "product_description": "", "product_name": "Mamia Fruit & Oat Bars 90g - Apple & Raisin with Yogurt 12+ Months", "image_link": "https://www.aldi.com.au/fileadmin/fm-dam/Products/Groceries/baby_care/2016_New_Baby_Products/ALC7943_Mamia_Food_Additions_1x1_228x128_.jpg", "product_price": "$2.49", "former_price": "", "page": "baby-care", "base_price": "$2.77 per 100g"},
{"product_amount": "", "product_link": "https://www.aldi.com.au/en/groceries/baby-care/baby-care-detail/ps/p/mamia-fruit-oat-bars-90g-apricot-12-months/", "product_description": "", "product_name": "Mamia Fruit & Oat Bars 90g - Apricot 12+ Months", "image_link": "https://www.aldi.com.au/fileadmin/fm-dam/Products/Groceries/baby_care/2016_New_Baby_Products/ALC7943_Mamia_Food_Additions_1x1_228x128_3.jpg", "product_price": "$2.49", "former_price": "", "page": "baby-care", "base_price": "$2.77 per 100g"},
{"product_amount": "", "product_link": "https://www.aldi.com.au/en/groceries/liquor/spirits/laundry-detail/ps/p/odonnells-irish-cream-liqueur/", "product_description": "", "product_name": "O'Donnells Irish Cream Liqueur 700mL", "image_link": "https://www.aldi.com.au/fileadmin/fm-dam/Products/Groceries/Liquor/Liquor_Products_Phase_2/ALC7312_LIQUOR_AWARDS_1x1s_228x128_19.jpg", "product_price": "$12.89", "former_price": "$13.99", "page": "spirits", "base_price": ""},
{"product_amount": "", "product_link": "https://www.aldi.com.au/en/groceries/liquor/spirits/laundry-detail/ps/p/highland-earl-scotch-cola-6pk/", "product_description": "", "product_name": "Highland Earl Scotch & Cola 6pk", "image_link": "https://www.aldi.com.au/fileadmin/fm-dam/Products/Groceries/Liquor/Liquor_Products_Phase_4/ALC7312_LIQUOR_1x1s_228x128_5.jpg", "product_price": "$15.99", "former_price": "$16.99", "page": "spirits", "base_price": ""},
{"product_amount": "", "product_link": "https://www.aldi.com.au/en/groceries/liquor/spirits/laundry-detail/ps/p/bluegrass-bourbon-cola-6pk/", "product_description": "", "product_name": "Bluegrass Bourbon & Cola 6pk", "image_link": "https://www.aldi.com.au/fileadmin/fm-dam/Products/Groceries/Liquor/Liquor_Products_Phase_4/ALC7312_LIQUOR_1x1s_228x128_6.jpg", "product_price": "$15.99", "former_price": "$16.99", "page": "spirits", "base_price": ""},
{"product_amount": "", "product_link": "https://www.aldi.com.au/en/groceries/baby-care/baby-care-detail/ps/p/mamia-infant-formula-starter-step-1-900g/", "product_description": "", "product_name": "Mamia Infant Formula Starter Step 1 900g", "image_link": "https://www.aldi.com.au/fileadmin/fm-dam/Products/Groceries/Home_of_the_Lowest_Prices/2016/ALN0416_1x1_228x128_2.jpg", "product_price": "$12.99", "former_price": "$13.99", "page": "baby-care", "base_price": "$1.44 per 100g"},
{"product_amount": "", "product_link": "https://www.aldi.com.au/en/groceries/baby-care/baby-care-detail/ps/p/mamia-infant-formula-follow-on-step-2-900g/", "product_description": "", "product_name": "Mamia Infant Formula Follow On Step 2 900g", "image_link": "https://www.aldi.com.au/fileadmin/fm-dam/Products/Groceries/Home_of_the_Lowest_Prices/2016/ALN0416_1x1_228x128_3.jpg", "product_price": "$12.99", "former_price": "", "page": "baby-care", "base_price": "$1.44 per 100g"},
{"product_amount": "", "product_link": "https://www.aldi.com.au/en/groceries/baby-care/baby-care-detail/ps/p/mamia-infant-formula-toddler-step-3-900g/", "product_description": "", "product_name": "Mamia Infant Formula Toddler Step 3 900g", "image_link": "https://www.aldi.com.au/fileadmin/fm-dam/Products/Groceries/Home_of_the_Lowest_Prices/2016/ALC7717_1x1_228x128_3-GOLD.jpg", "product_price": "$11.99", "former_price": "$12.99", "page": "baby-care", "base_price": "$1.33 per 100g"},
{"product_amount": "", "product_link": "https://www.aldi.com.au/en/groceries/liquor/spirits/laundry-detail/ps/p/striganov-vodka-crush-crush-raspberry-4pk/", "product_description": "", "product_name": "Striganov Vodka Crush Raspberry 4pk", "image_link": "https://www.aldi.com.au/fileadmin/fm-dam/Products/Groceries/Liquor/Liquor_Products_Phase_4/ALC7312_LIQUOR_1x1s_228x128_3.jpg", "product_price": "$9.95", "former_price": "", "page": "spirits", "base_price": ""},
{"product_amount": "", "product_link": "https://www.aldi.com.au/en/groceries/liquor/spirits/laundry-detail/ps/p/striganov-vodka-crush-guava-crush-4pk/", "product_description": "", "product_name": "Striganov Vodka Crush Guava 4pk", "image_link": "https://www.aldi.com.au/fileadmin/fm-dam/Products/Groceries/Liquor/Liquor_Products_Phase_4/ALC7312_LIQUOR_1x1s_228x128_7.jpg", "product_price": "$9.95", "former_price": "", "page": "spirits", "base_price": ""},
{"product_amount": "", "product_link": "https://www.aldi.com.au/en/groceries/liquor/spirits/laundry-detail/ps/p/striganov-vodka-crush-lemon-lime-4pk/", "product_description": "", "product_name": "Striganov Vodka Crush Lemon Lime 4pk", "image_link": "https://www.aldi.com.au/fileadmin/fm-dam/Products/Groceries/Liquor/New/ALC7440_1x1_228x128_4.jpg", "product_price": "$9.95", "former_price": "", "page": "spirits", "base_price": ""},
{"product_amount": "", "product_link": "https://www.aldi.com.au/en/groceries/liquor/spirits/laundry-detail/ps/p/striganov-vodka-crush-watermelon-4pk/", "product_description": "", "product_name": "Striganov Vodka Crush Watermelon 4pk", "image_link": "https://www.aldi.com.au/fileadmin/fm-dam/Products/Groceries/Liquor/2017/ALN0786_1x1_VODKA_228x128.jpg", "product_price": "$9.95", "former_price": "", "page": "spirits", "base_price": ""},
{"product_amount": "500ml", "product_link": "https://www.aldi.com.au/en/groceries/olive-oils/olive-oil-detail/ps/p/just-organic-extra-virgin-olive-oil-500ml/", "product_description": "", "product_name": "Just Organic Extra Virgin Olive Oil 500ml", "image_link": "https://www.aldi.com.au/fileadmin/fm-dam/Products/Groceries/Award_Winning_Products/Oils___Sauces/ALC7521_1x1_228x128.jpg", "product_price": "$4.69", "former_price": "", "page": "olive-oils", "base_price": "94c per 100ml"},
{"product_amount": "1L", "product_link": "https://www.aldi.com.au/en/groceries/laundry/laundry-detail/ps/p/trimat-laundry-liquid-1l-regular/", "product_description": "", "product_name": "Trimat Laundry Liquid 1L Regular", "image_link": "https://www.aldi.com.au/fileadmin/fm-dam/Products/Groceries/laundry/2017/ALN0580_1x1_TRIMAT_PACKAGING_UPDATE_228x128_4.jpg", "product_price": "$3.79", "former_price": "$3.99", "page": "laundry", "base_price": "$3.79 per litre"},
{"product_amount": "ea", "product_link": "https://www.aldi.com.au/en/groceries/olive-oils/olive-oil-detail/ps/p/remano-olive-oil-mild-olive-oil-1l/", "product_description": "", "product_name": "Remano Olive Oil / Mild Olive Oil 1L", "image_link": "https://www.aldi.com.au/fileadmin/_processed_/2/3/csm_Remano_Mild_Olive_Oil_1L_1X1_01_fcea459d67.jpg", "product_price": "$5.69", "former_price": "$5.99", "page": "olive-oils", "base_price": "57c per 100ml"},
{"product_amount": "ea", "product_link": "https://www.aldi.com.au/en/groceries/olive-oils/olive-oil-detail/ps/p/the-olive-tree-australian-extra-virgin-olive-oil-s/", "product_description": "", "product_name": "The Olive Tree Australian Extra Virgin Olive Oil Spray 225g", "image_link": "https://www.aldi.com.au/fileadmin/fm-dam/Products/Groceries/olive_oil/ALC7363_OLIVE-OIL-SPRAY_1x1_01.jpg", "product_price": "$2.99", "former_price": "", "page": "olive-oils", "base_price": "$1.33 per 100g"},
{"product_amount": "1L", "product_link": "https://www.aldi.com.au/en/groceries/laundry/laundry-detail/ps/p/trimat-laundry-liquid-1l-sensitive/", "product_description": "", "product_name": "Trimat Laundry Liquid 1L Sensitive", "image_link": "https://www.aldi.com.au/fileadmin/fm-dam/Products/Groceries/laundry/2017/ALN0580_1x1_TRIMAT_PACKAGING_UPDATE_228x128_5.jpg", "product_price": "$3.79", "former_price": "$3.99", "page": "laundry", "base_price": "$3.79 per litre"},
{"product_amount": "1.5kg", "product_link": "https://www.aldi.com.au/en/groceries/laundry/laundry-detail/ps/p/trimat-advanced-laundry-powder-15kg-regular/", "product_description": "", "product_name": "Trimat Advanced Laundry Powder 1.5kg Regular", "image_link": "https://www.aldi.com.au/fileadmin/fm-dam/Products/Groceries/laundry/2017/ALN0580_1x1_TRIMAT_PACKAGING_UPDATE_228x128_.jpg", "product_price": "$5.69", "former_price": "$5.99", "page": "laundry", "base_price": "$3.79 per kg"},
{"product_amount": "1.5kg", "product_link": "https://www.aldi.com.au/en/groceries/laundry/laundry-detail/ps/p/trimat-advanced-laundry-powder-15kg-colour/", "product_description": "", "product_name": "Trimat Advanced Laundry Powder 1.5kg Colour", "image_link": "https://www.aldi.com.au/fileadmin/fm-dam/Products/Groceries/laundry/2017/ALN0580_1x1_TRIMAT_PACKAGING_UPDATE_228x128_2.jpg", "product_price": "$5.69", "former_price": "$5.99", "page": "laundry", "base_price": "$3.79 per kg"},
{"product_amount": "1.5kg", "product_link": "https://www.aldi.com.au/en/groceries/laundry/laundry-detail/ps/p/trimat-advanced-laundry-powder-15kg-sensitive/", "product_description": "", "product_name": "Trimat Advanced Laundry Powder 1.5kg Sensitive", "image_link": "https://www.aldi.com.au/fileadmin/fm-dam/Products/Groceries/laundry/2017/ALN0580_1x1_TRIMAT_PACKAGING_UPDATE_228x128_3.jpg", "product_price": "$5.69", "former_price": "$5.99", "page": "laundry", "base_price": "$3.79 per kg"},
{"product_amount": "10pk", "product_link": "https://www.aldi.com.au/en/groceries/home-of-the-lowest-prices/home-of-the-lowest-prices-detail/ps/p/brannans-butchery-chicken-kebabs-10pk800g/", "product_description": "", "product_name": "Brannans Butchery Chicken Kebabs 10pk/800g", "image_link": "https://www.aldi.com.au/fileadmin/fm-dam/Products/Groceries/Home_of_the_Lowest_Prices/2017/ALN0993_HOTLP_WINTER_1x1_228x128_4.jpg", "product_price": "$9.99", "former_price": "", "page": "home-of-the-lowest-prices", "base_price": "$12.49 per kg"},
{"product_amount": "ea", "product_link": "https://www.aldi.com.au/en/groceries/laundry/laundry-detail/ps/p/laundrite-laundry-liquid-2l-1/", "product_description": "", "product_name": "Laundrite Laundry Liquid 2L", "image_link": "https://www.aldi.com.au/fileadmin/_processed_/c/b/csm_LAUNDRY_Laundrite_Laundry_Liquid_2L_1X16_663f420224.jpg", "product_price": "$1.49", "former_price": "", "page": "laundry", "base_price": "6c per wash"},
{"product_amount": "ea", "product_link": "https://www.aldi.com.au/en/groceries/laundry/laundry-detail/ps/p/laundrite-laundry-powder-4kg/", "product_description": "", "product_name": "Laundrite Laundry Powder 4kg", "image_link": "https://www.aldi.com.au/fileadmin/_processed_/b/8/csm_LAUNDRY_Laundrite_Laundry_Powder_4kg_1X17_0c9aed23b3.jpg", "product_price": "$3.69", "former_price": "", "page": "laundry", "base_price": "12c per wash"},
{"product_amount": "", "product_link": "https://www.aldi.com.au/en/groceries/laundry/laundry-detail/ps/p/almat-laundry-powder-2-x-concentrate-2kg/", "product_description": "", "product_name": "Almat Laundry Powder 2 x Concentrate 2kg", "image_link": "https://www.aldi.com.au/fileadmin/fm-dam/Products/Groceries/Award_Winning_Products/Home_Cleaning/2015/ALC6809_1x1_2015-Grocery_Awards_228x128_6.jpg", "product_price": "$5.29", "former_price": "", "page": "laundry", "base_price": "$2.65 per kg"},
{"product_amount": "ea", "product_link": "https://www.aldi.com.au/en/groceries/home-of-the-lowest-prices/home-of-the-lowest-prices-detail/ps/p/haribo-jellies-range-250-300g/", "product_description": "", "product_name": "Haribo Jellies Range 250-300g", "image_link": "https://www.aldi.com.au/fileadmin/fm-dam/Products/Groceries/Home_of_the_Lowest_Prices/2017/WK30_UPDATE/ALN0550_1x1_HARIBO_228x128.jpg", "product_price": "$2.49", "former_price": "$2.99", "page": "home-of-the-lowest-prices", "base_price": "$1.00-83c per 100g"},
{"product_amount": "", "product_link": "https://www.aldi.com.au/en/groceries/home-of-the-lowest-prices/home-of-the-lowest-prices-detail/ps/p/jindurra-station-beef-porterhouse-per-kg/", "product_description": "", "product_name": "Jindurra Station Beef Porterhouse per kg", "image_link": "https://www.aldi.com.au/fileadmin/fm-dam/Products/Groceries/Home_of_the_Lowest_Prices/2017/WK30_UPDATE/ALN0904_1x1_PORTERHOUSE_228x128.jpg", "product_price": "$19", "former_price": "$21.99", "page": "home-of-the-lowest-prices", "base_price": "$19.00 per kg"},
{"product_amount": "4pk", "product_link": "https://www.aldi.com.au/en/groceries/home-of-the-lowest-prices/home-of-the-lowest-prices-detail/ps/p/westacre-snack-go-4pk120g-tasty-cheese/", "product_description": "", "product_name": "Westacre Snack & Go 4pk/120g \u2013 Tasty Cheese", "image_link": "https://www.aldi.com.au/fileadmin/fm-dam/Products/Groceries/Home_of_the_Lowest_Prices/2017/WK28_Update/ALN0916_1x1_CHEESE_DIGI_228x128_2.jpg", "product_price": "$3.69", "former_price": "$3.99", "page": "home-of-the-lowest-prices", "base_price": "$30.75 per kg"},
{"product_amount": "ea", "product_link": "https://www.aldi.com.au/en/groceries/laundry/laundry-detail/ps/p/almat-laundry-liquid-2l/", "product_description": "", "product_name": "Almat Laundry Liquid 2L", "image_link": "https://www.aldi.com.au/fileadmin/fm-dam/Products/Groceries/laundry/ALC6809_1x1_2015-Grocery_Awards_228x128_5.jpg", "product_price": "$5.69", "former_price": "", "page": "laundry", "base_price": "$2.85 per litre"},
{"product_amount": "4pk", "product_link": "https://www.aldi.com.au/en/groceries/home-of-the-lowest-prices/home-of-the-lowest-prices-detail/ps/p/westacre-snack-go-4pk100g-colby-cheese/", "product_description": "", "product_name": "Westacre Snack & Go 4pk/100g \u2013 Colby Cheese", "image_link": "https://www.aldi.com.au/fileadmin/fm-dam/Products/Groceries/Home_of_the_Lowest_Prices/2017/WK28_Update/ALN0916_1x1_CHEESE_DIGI_228x128_.jpg", "product_price": "$3.69", "former_price": "$3.99", "page": "home-of-the-lowest-prices", "base_price": "$36.90 per kg"},
{"product_amount": "", "product_link": "https://www.aldi.com.au/en/groceries/home-of-the-lowest-prices/home-of-the-lowest-prices-detail/ps/p/lodge-farms-free-range-eggs-12pk-600g/", "product_description": "", "product_name": "Lodge Farms Free Range Eggs 12pk 600g", "image_link": "https://www.aldi.com.au/fileadmin/fm-dam/Products/Groceries/Home_of_the_Lowest_Prices/Assets/ALC7284_1x1_Eggs-600g.jpg", "product_price": "$3.69", "former_price": "$3.99", "page": "home-of-the-lowest-prices", "base_price": "62c per 100g"},
{"product_amount": "", "product_link": "https://www.aldi.com.au/en/groceries/home-of-the-lowest-prices/home-of-the-lowest-prices-detail/ps/p/lodge-farms-free-range-eggs-12pk-700g/", "product_description": "", "product_name": "Lodge Farms Free Range Eggs 12pk 700g", "image_link": "https://www.aldi.com.au/fileadmin/fm-dam/Products/Groceries/Home_of_the_Lowest_Prices/2017/ALN0960_1x1_EGG-2017_228x128_2.jpg", "product_price": "$4", "former_price": "$4.39", "page": "home-of-the-lowest-prices", "base_price": "57c per 100g"},
{"product_amount": "", "product_link": "https://www.aldi.com.au/en/groceries/liquor/wine/laundry-detail/ps/p/blackstone-paddock-margaret-river-cabernet-sauvign/", "product_description": "", "product_name": "Blackstone Paddock Margaret River Cabernet Sauvignon", "image_link": "https://www.aldi.com.au/fileadmin/fm-dam/Products/Groceries/Liquor/Liquor_18_5_2016/ALC7777_Liquor_Update_1x1_228x128_2.jpg", "product_price": "$17.99", "former_price": "", "page": "wine", "base_price": ""},
{"product_amount": "", "product_link": "https://www.aldi.com.au/en/groceries/home-of-the-lowest-prices/home-of-the-lowest-prices-detail/ps/p/the-soup-co-pouched-soups/", "product_description": "", "product_name": "The Soup Co. Pouched Soups", "image_link": "https://www.aldi.com.au/fileadmin/fm-dam/Products/Groceries/Home_of_the_Lowest_Prices/2017/WK25_Update/ALN0550_WEB_MAINTENANCE_HOTLP_1x1_228x128_1.jpg", "product_price": "$2.29", "former_price": "$2.49", "page": "home-of-the-lowest-prices", "base_price": "53c per 100g"},
{"product_amount": "per kg", "product_link": "https://www.aldi.com.au/en/groceries/home-of-the-lowest-prices/home-of-the-lowest-prices-detail/ps/p/killarnee-lamb-cutlets-per-kg-1/", "product_description": "", "product_name": "Killarnee Lamb Cutlets per kg", "image_link": "https://www.aldi.com.au/fileadmin/fm-dam/Products/Groceries/Home_of_the_Lowest_Prices/2017/Hells_Kitchen/ALN0550_HK_HOTLP_1x1_228x128_.jpg", "product_price": "$27.99", "former_price": "", "page": "home-of-the-lowest-prices", "base_price": "$27.99 per kg"},
{"product_amount": "", "product_link": "https://www.aldi.com.au/en/groceries/liquor/wine/laundry-detail/ps/p/kaiora-bay-central-otago-reserve-pinot-noir-2014/", "product_description": "", "product_name": "Kaiora Bay Central Otago Reserve Pinot Noir", "image_link": "https://www.aldi.com.au/fileadmin/fm-dam/Products/Groceries/Liquor/Liquor_Products_Phase_3/ALC7345_LIQUOR_AWARD_1x1s_228x128_16.jpg", "product_price": "$14.99", "former_price": "", "page": "wine", "base_price": ""},
{"product_amount": "", "product_link": "https://www.aldi.com.au/en/groceries/liquor/wine/laundry-detail/ps/p/blackstone-paddock-the-player-shiraz-2013/", "product_description": "", "product_name": "Blackstone Paddock The Player Barossa Valley Shiraz", "image_link": "https://www.aldi.com.au/fileadmin/fm-dam/Products/Groceries/Liquor/Liquor_Products_Phase_3/ALC7345_LIQUOR_AWARD_1x1s_228x128_9.jpg", "product_price": "$12.99", "former_price": "", "page": "wine", "base_price": ""},
{"product_amount": "", "product_link": "https://www.aldi.com.au/en/groceries/liquor/wine/laundry-detail/ps/p/claire-creek-merlot/", "product_description": "", "product_name": "Claire Creek Merlot", "image_link": "https://www.aldi.com.au/fileadmin/fm-dam/Products/Groceries/Liquor/MIWS/Update/ALN1005_1x1_WINES_228x128_5.jpg", "product_price": "$5.99", "former_price": "", "page": "wine", "base_price": ""},
{"product_amount": "", "product_link": "https://www.aldi.com.au/en/groceries/liquor/wine/laundry-detail/ps/p/brooke-james-shiraz-cask/", "product_description": "", "product_name": "Brooke James Shiraz Cask 2L", "image_link": "https://www.aldi.com.au/fileadmin/fm-dam/Products/Groceries/Liquor/New/ALC7440_1x1_228x128_3.jpg", "product_price": "$8.49", "former_price": "", "page": "wine", "base_price": ""},
{"product_amount": "", "product_link": "https://www.aldi.com.au/en/groceries/home-of-the-lowest-prices/home-of-the-lowest-prices-detail/ps/p/colway-dijon-mustard/", "product_description": "", "product_name": "Colway Dijon Mustard", "image_link": "https://www.aldi.com.au/fileadmin/fm-dam/Products/Groceries/Home_of_the_Lowest_Prices/2017/Hells_Kitchen/ALN0550_HK_HOTLP_1x1_228x128_2.jpg", "product_price": "$1.79", "former_price": "", "page": "home-of-the-lowest-prices", "base_price": "94c per 100g"},
{"product_amount": "", "product_link": "https://www.aldi.com.au/en/groceries/home-of-the-lowest-prices/home-of-the-lowest-prices-detail/ps/p/imperial-grain-arborio-rice-1kg-1/", "product_description": "", "product_name": "Imperial Grain Arborio Rice 1kg", "image_link": "https://www.aldi.com.au/fileadmin/fm-dam/Products/Groceries/Home_of_the_Lowest_Prices/2017/Hells_Kitchen/ALN0550_HK_HOTLP_1x1_228x128_3.jpg", "product_price": "$2.49", "former_price": "", "page": "home-of-the-lowest-prices", "base_price": "25c per 100g"},
{"product_amount": "", "product_link": "https://www.aldi.com.au/en/groceries/home-of-the-lowest-prices/home-of-the-lowest-prices-detail/ps/p/farmdale-fresh-thickened-cream-600ml/", "product_description": "", "product_name": "Farmdale Fresh Thickened Cream 600ml", "image_link": "https://www.aldi.com.au/fileadmin/fm-dam/Products/Groceries/Home_of_the_Lowest_Prices/Products/Week_22/ALC6822_1x1_HOTLP_WK18_228x128_1.jpg", "product_price": "$2.29", "former_price": "", "page": "home-of-the-lowest-prices", "base_price": "38c per 100ml"},
{"product_amount": "", "product_link": "https://www.aldi.com.au/en/groceries/liquor/wine/laundry-detail/ps/p/albertsons-reserve-soft-dry-red-cask/", "product_description": "", "product_name": "Albertson's Reserve Soft Dry Red Cask 4L", "image_link": "https://www.aldi.com.au/fileadmin/fm-dam/Products/Groceries/Liquor/Liquor_Products_Phase_4/ALC7312_LIQUOR_1x1s_228x128_12.jpg", "product_price": "$8.99", "former_price": "", "page": "wine", "base_price": ""},
{"product_amount": "", "product_link": "https://www.aldi.com.au/en/groceries/liquor/wine/laundry-detail/ps/p/the-tudor-central-victorian-shiraz/", "product_description": "", "product_name": "The Tudor Central Victorian Shiraz", "image_link": "https://www.aldi.com.au/fileadmin/fm-dam/Products/Groceries/Liquor/Liquor_18_5_2016/June_2016_Package_Update/ALC7777_Liquor_Update_June_1x1_228x128_2_01.jpg", "product_price": "$12.99", "former_price": "", "page": "wine", "base_price": ""},
{"product_amount": "", "product_link": "https://www.aldi.com.au/en/groceries/liquor/wine/laundry-detail/ps/p/5171-mclaren-vale-cabernet-sauvignon/", "product_description": "", "product_name": "5171 McLaren Vale Cabernet Sauvignon", "image_link": "https://www.aldi.com.au/fileadmin/fm-dam/Products/Groceries/Liquor/MIWS/Update/ALN1005_1x1_WINES_228x128_.jpg", "product_price": "$11.99", "former_price": "", "page": "wine", "base_price": ""},
{"product_amount": "", "product_link": "https://www.aldi.com.au/en/groceries/home-of-the-lowest-prices/home-of-the-lowest-prices-detail/ps/p/westacre-manhattan-cream-cheese-block-250g/", "product_description": "", "product_name": "Westacre Manhattan Cream Cheese Block 250g", "image_link": "https://www.aldi.com.au/fileadmin/fm-dam/Products/Groceries/Home_of_the_Lowest_Prices/2017/Hells_Kitchen/ALN0550_HK_HOTLP_1x1_228x128_4.jpg", "product_price": "$2.69", "former_price": "", "page": "home-of-the-lowest-prices", "base_price": "$10.76 per kg"},
{"product_amount": "", "product_link": "https://www.aldi.com.au/en/groceries/home-of-the-lowest-prices/home-of-the-lowest-prices-detail/ps/p/elmsbury-frozen-puff-pastry-1kg/", "product_description": "", "product_name": "Elmsbury Frozen Puff Pastry 1kg", "image_link": "https://www.aldi.com.au/fileadmin/fm-dam/Products/Groceries/Home_of_the_Lowest_Prices/2017/Hells_Kitchen/ALN0550_HK_HOTLP_1x1_228x128_5.jpg", "product_price": "$2.29", "former_price": "", "page": "home-of-the-lowest-prices", "base_price": "23c per 100g"},
{"product_amount": "", "product_link": "https://www.aldi.com.au/en/groceries/home-of-the-lowest-prices/home-of-the-lowest-prices-detail/ps/p/beautifully-butterfully-unsalted-butter-250g-1/", "product_description": "", "product_name": "Beautifully Butterfully Unsalted butter 250g", "image_link": "https://www.aldi.com.au/fileadmin/fm-dam/Products/Groceries/Home_of_the_Lowest_Prices/2017/Hells_Kitchen/ALN0550_HK_HOTLP_1x1_228x128_6.jpg", "product_price": "$1.89", "former_price": "", "page": "home-of-the-lowest-prices", "base_price": "76c per 100g"},
{"product_amount": "", "product_link": "https://www.aldi.com.au/en/groceries/home-of-the-lowest-prices/home-of-the-lowest-prices-detail/ps/p/belmont-biscuits-co-butternut-snaps-200g/", "product_description": "", "product_name": "Belmont Biscuits Co. Butternut Snaps 200g", "image_link": "https://www.aldi.com.au/fileadmin/fm-dam/Products/Groceries/Home_of_the_Lowest_Prices/2017/Hells_Kitchen/ALN0550_HK_HOTLP_1x1_228x128_7.jpg", "product_price": "$1.59", "former_price": "", "page": "home-of-the-lowest-prices", "base_price": "80c per 100g"},
{"product_amount": "", "product_link": "https://www.aldi.com.au/en/groceries/liquor/wine/laundry-detail/ps/p/block-129-cabernet-sauvignon-2014/", "product_description": "", "product_name": "Block 129 Cabernet Sauvignon", "image_link": "https://www.aldi.com.au/fileadmin/fm-dam/Products/Groceries/Liquor/Liquour_11_02_16/ALC7513_LIQUOR_AWARDS_1x1s_228x128_RND2_5_01.jpg", "product_price": "$4.99", "former_price": "", "page": "wine", "base_price": ""},
{"product_amount": "", "product_link": "https://www.aldi.com.au/en/groceries/liquor/wine/laundry-detail/ps/p/the-pond-cabernet-sauvignon-2014/", "product_description": "", "product_name": "The Pond Cabernet Sauvignon", "image_link": "https://www.aldi.com.au/fileadmin/fm-dam/Products/Groceries/Liquor/New/new_ALC7345_LIQUOR_1x1s_23.jpg", "product_price": "$6.99", "former_price": "", "page": "wine", "base_price": ""},
{"product_amount": "", "product_link": "https://www.aldi.com.au/en/groceries/liquor/wine/laundry-detail/ps/p/cotes-du-rhone-village-grenache-syrah-mourvedre/", "product_description": "", "product_name": "Cotes Du Rhone Village Grenache Syrah Mourvedre", "image_link": "https://www.aldi.com.au/fileadmin/fm-dam/Products/Groceries/Liquor/Liquour_11_02_16/ALC7513_LIQUOR_AWARDS_1x1s_228x128_RND2_2_01.jpg", "product_price": "$8.99", "former_price": "", "page": "wine", "base_price": ""},
{"product_amount": "", "product_link": "https://www.aldi.com.au/en/groceries/liquor/wine/laundry-detail/ps/p/elmfield-shiraz-cabernet-2014/", "product_description": "", "product_name": "Elmfield Shiraz Cabernet", "image_link": "https://www.aldi.com.au/fileadmin/fm-dam/Products/Groceries/Liquor/ALC7312_LIQUOR_1x1s_228x128_Elmfield.jpg", "product_price": "$3.99", "former_price": "", "page": "wine", "base_price": ""},
{"product_amount": "150g", "product_link": "https://www.aldi.com.au/en/groceries/home-of-the-lowest-prices/home-of-the-lowest-prices-detail/ps/p/oh-so-natural-goji-berries-150g-1/", "product_description": "", "product_name": "Oh So Natural Goji Berries 150g", "image_link": "https://www.aldi.com.au/fileadmin/fm-dam/Products/Groceries/Home_of_the_Lowest_Prices/2017/WK25_Update/ALN0550_WEB_MAINTENANCE_HOTLP_1x1_228x128_15.jpg", "product_price": "$4.69", "former_price": "$4.99", "page": "home-of-the-lowest-prices", "base_price": "$31.27 per kg"},
{"product_amount": "500g", "product_link": "https://www.aldi.com.au/en/groceries/home-of-the-lowest-prices/home-of-the-lowest-prices-detail/ps/p/just-organic-pasta-sauce-500g-1/", "product_description": "", "product_name": "Just Organic Pasta Sauce 500g", "image_link": "https://www.aldi.com.au/fileadmin/fm-dam/Products/Groceries/Home_of_the_Lowest_Prices/2017/WK25_Update/ALN0550_WEB_MAINTENANCE_HOTLP_1x1_228x128_7.jpg", "product_price": "$2.49", "former_price": "$2.69", "page": "home-of-the-lowest-prices", "base_price": "50c per 100g"},
{"product_amount": "1L", "product_link": "https://www.aldi.com.au/en/groceries/home-of-the-lowest-prices/home-of-the-lowest-prices-detail/ps/p/just-organic-soy-milk-uht-1l/", "product_description": "", "product_name": "Just Organic Soy Milk UHT 1L", "image_link": "https://www.aldi.com.au/fileadmin/fm-dam/Products/Groceries/Home_of_the_Lowest_Prices/2017/WK25_Update/ALN0550_WEB_MAINTENANCE_HOTLP_1x1_228x128_11.jpg", "product_price": "$1.59", "former_price": "$1.69", "page": "home-of-the-lowest-prices", "base_price": "$1.59 per litre"},
{"product_amount": "", "product_link": "https://www.aldi.com.au/en/groceries/liquor/beer-cider/laundry-detail/ps/p/leo-imported-lager-6-x-330ml/", "product_description": "", "product_name": "Leo Imported Lager 6 x 330mL", "image_link": "https://www.aldi.com.au/fileadmin/fm-dam/Products/Groceries/Award_Winning_Products/Liquor_and_Beverages/2017_Beer/ALN0882_BEER_AWARDS_1x1_228x128_8.jpg", "product_price": "$10.99", "former_price": "", "page": "beer-cider", "base_price": ""},
{"product_amount": "", "product_link": "https://www.aldi.com.au/en/groceries/liquor/wine/laundry-detail/ps/p/corte-carista-tuscany-chianti-classico-2012/", "product_description": "", "product_name": "Corte Carista Tuscany Chianti Classico", "image_link": "https://www.aldi.com.au/fileadmin/fm-dam/Products/Groceries/Liquor/Liquor_18_5_2016/June_2016_Package_Update/ALC7777_Liquor_Update_June_1x1_228x128_4.jpg", "product_price": "$9.99", "former_price": "", "page": "wine", "base_price": ""},
{"product_amount": "", "product_link": "https://www.aldi.com.au/en/groceries/liquor/wine/laundry-detail/ps/p/one-road-coonawarra-cabernet-merlot/", "product_description": "", "product_name": "One Road Coonawarra Cabernet Merlot", "image_link": "https://www.aldi.com.au/fileadmin/fm-dam/Products/Groceries/Liquor/MIWS/Update/ALN1005_1x1_WINES_228x128_7.jpg", "product_price": "$6.99", "former_price": "", "page": "wine", "base_price": ""},
{"product_amount": "", "product_link": "https://www.aldi.com.au/en/groceries/liquor/wine/laundry-detail/ps/p/el-toro-macho-reserva-2011/", "product_description": "", "product_name": "El Toro Macho Reserva", "image_link": "https://www.aldi.com.au/fileadmin/fm-dam/Products/Groceries/Liquor/Liquour_11_02_16/ALC7513_LIQUOR_AWARDS_1x1s_228x128_RND2_4_01.jpg", "product_price": "$6.99", "former_price": "", "page": "wine", "base_price": ""},
{"product_amount": "1kg", "product_link": "https://www.aldi.com.au/en/groceries/home-of-the-lowest-prices/home-of-the-lowest-prices-detail/ps/p/lyttos-greek-style-yogurt-1kg-2/", "product_description": "", "product_name": "Lyttos Greek Style Yogurt 1kg", "image_link": "https://www.aldi.com.au/fileadmin/fm-dam/Products/Groceries/Home_of_the_Lowest_Prices/2017/WK25_Update/ALN0550_WEB_MAINTENANCE_HOTLP_1x1_228x128_5.jpg", "product_price": "$3.49", "former_price": "$3.69", "page": "home-of-the-lowest-prices", "base_price": "35c per 100g"},
{"product_amount": "1kg", "product_link": "https://www.aldi.com.au/en/groceries/home-of-the-lowest-prices/home-of-the-lowest-prices-detail/ps/p/lyttos-lite-greek-style-yogurt-1kg-1/", "product_description": "", "product_name": "Lyttos Lite Greek Style Yogurt 1kg", "image_link": "https://www.aldi.com.au/fileadmin/fm-dam/Products/Groceries/Home_of_the_Lowest_Prices/2017/WK25_Update/ALN0550_WEB_MAINTENANCE_HOTLP_1x1_228x128_6.jpg", "product_price": "$3.49", "former_price": "$3.69", "page": "home-of-the-lowest-prices", "base_price": "35c per 100g"},
{"product_amount": "12pk", "product_link": "https://www.aldi.com.au/en/groceries/home-of-the-lowest-prices/home-of-the-lowest-prices-detail/ps/p/lodge-farms-cage-free-eggs-12pk-700g/", "product_description": "", "product_name": "Lodge Farms Cage Free Eggs 12pk 700g", "image_link": "https://www.aldi.com.au/fileadmin/fm-dam/Products/Groceries/Home_of_the_Lowest_Prices/2017/ALN0960_1x1_EGG-2017_228x128_.jpg", "product_price": "$3.49", "former_price": "$3.89", "page": "home-of-the-lowest-prices", "base_price": "50c per 100g"},
{"product_amount": "", "product_link": "https://www.aldi.com.au/en/groceries/liquor/beer-cider/laundry-detail/ps/p/storm-brewing-co-premium-super-dry-beer-6-x-330ml/", "product_description": "", "product_name": "Storm Brewing Co. Premium Super Dry Beer 6 x 330mL", "image_link": "https://www.aldi.com.au/fileadmin/fm-dam/Products/Groceries/Liquor/Liquor_Products/ALC7312_LIQUOR_1x1s_228x128_58.jpg", "product_price": "$8.99", "former_price": "", "page": "beer-cider", "base_price": ""},
{"product_amount": "", "product_link": "https://www.aldi.com.au/en/groceries/liquor/beer-cider/laundry-detail/ps/p/fraser-briggs-premium-lager-6-x-330ml-2/", "product_description": "", "product_name": "Fraser Briggs Premium Lager 6 x 330mL", "image_link": "https://www.aldi.com.au/fileadmin/fm-dam/Products/Groceries/Award_Winning_Products/Liquor_and_Beverages/2017_Beer/ALN0882_BEER_AWARDS_1x1_228x128_4.jpg", "product_price": "$8.99", "former_price": "", "page": "beer-cider", "base_price": ""},
{"product_amount": "", "product_link": "https://www.aldi.com.au/en/groceries/liquor/beer-cider/laundry-detail/ps/p/cape-cyan-natural-blonde-beer-6-x-330ml/", "product_description": "", "product_name": "Cape Cyan Natural Blonde Beer 6 x 330mL", "image_link": "https://www.aldi.com.au/fileadmin/fm-dam/Products/Groceries/Award_Winning_Products/Liquor_and_Beverages/2017_Beer/ALN0882_BEER_AWARDS_1x1_228x128_5.jpg", "product_price": "$8.99", "former_price": "", "page": "beer-cider", "base_price": ""},
{"product_amount": "", "product_link": "https://www.aldi.com.au/en/groceries/liquor/wine/laundry-detail/ps/p/baron-amarillo-rioja-reserva-2010-1/", "product_description": "", "product_name": "Baron Amarillo Rioja Reserva", "image_link": "https://www.aldi.com.au/fileadmin/fm-dam/Products/Groceries/Liquor/MIWS/Update/ALN1005_1x1_WINES_228x128_11.jpg", "product_price": "$9.99", "former_price": "", "page": "wine", "base_price": ""},
{"product_amount": "", "product_link": "https://www.aldi.com.au/en/groceries/liquor/wine/laundry-detail/ps/p/precious-earth-shiraz-merlot-2014/", "product_description": "", "product_name": "Precious Earth Shiraz Merlot", "image_link": "https://www.aldi.com.au/fileadmin/fm-dam/Products/Groceries/Liquor/Liquor_NO_Vintages/ALC7312_LIQUOR_1x1s_228x128_precious_.jpg", "product_price": "$2.69", "former_price": "", "page": "wine", "base_price": ""},
{"product_amount": "", "product_link": "https://www.aldi.com.au/en/groceries/liquor/wine/laundry-detail/ps/p/one-road-south-australian-heathcote-shiraz/", "product_description": "", "product_name": "One Road South Australian & Heathcote Shiraz", "image_link": "https://www.aldi.com.au/fileadmin/fm-dam/Products/Groceries/Liquor/MIWS/Update/ALN1005_1x1_WINES_228x128_6.jpg", "product_price": "$6.99", "former_price": "", "page": "wine", "base_price": ""},
{"product_amount": "1kg", "product_link": "https://www.aldi.com.au/en/groceries/home-of-the-lowest-prices/home-of-the-lowest-prices-detail/ps/p/brooklea-joi-deluxe-vanilla-flavoured-yogurt-1kg/", "product_description": "", "product_name": "Brooklea Joi Deluxe Vanilla Flavoured Yogurt 1kg", "image_link": "https://www.aldi.com.au/fileadmin/fm-dam/Products/Groceries/Home_of_the_Lowest_Prices/2017/WK25_Update/ALN0550_WEB_MAINTENANCE_HOTLP_1x1_228x128_3.jpg", "product_price": "$3.29", "former_price": "$3.39", "page": "home-of-the-lowest-prices", "base_price": "33c per 100g"},
{"product_amount": "1kg", "product_link": "https://www.aldi.com.au/en/groceries/home-of-the-lowest-prices/home-of-the-lowest-prices-detail/ps/p/brooklea-joi-yogurt-1kg/", "product_description": "", "product_name": "Brooklea Joi Yogurt 1kg", "image_link": "https://www.aldi.com.au/fileadmin/fm-dam/Products/Groceries/Home_of_the_Lowest_Prices/2017/WK25_Update/ALN0550_WEB_MAINTENANCE_HOTLP_1x1_228x128_4.jpg", "product_price": "$3.29", "former_price": "$3.39", "page": "home-of-the-lowest-prices", "base_price": "33c per 100g"},
{"product_amount": "6pk", "product_link": "https://www.aldi.com.au/en/groceries/home-of-the-lowest-prices/home-of-the-lowest-prices-detail/ps/p/bakers-life-sunny-crumpets/", "product_description": "", "product_name": "Bakers Life Sunny Crumpets", "image_link": "https://www.aldi.com.au/fileadmin/fm-dam/Products/Groceries/Home_of_the_Lowest_Prices/2017/Meat_Taco_Reductions/ALN0781_HOTLP_MEAT_TACO_1x1_228x128_4.jpg", "product_price": "$1", "former_price": "$1.29", "page": "home-of-the-lowest-prices", "base_price": "17c per crumpet"},
{"product_amount": "500g", "product_link": "https://www.aldi.com.au/en/groceries/home-of-the-lowest-prices/home-of-the-lowest-prices-detail/ps/p/berg-bacon-chops-500g-1/", "product_description": "", "product_name": "Berg Bacon Chops 500g", "image_link": "https://www.aldi.com.au/fileadmin/fm-dam/Products/Groceries/Home_of_the_Lowest_Prices/2017/Summer_Seasonal_Foods/ALN0632_HOTLP_SUMMER_SEASONAL_FOODS_1x1_228x128_11.jpg", "product_price": "$5.49", "former_price": "", "page": "home-of-the-lowest-prices", "base_price": "$10.98 per kg"},
{"product_amount": "", "product_link": "https://www.aldi.com.au/en/groceries/liquor/beer-cider/laundry-detail/ps/p/sainte-etienne-imported-premium-lager-6-x-330ml/", "product_description": "", "product_name": "Sainte Etienne Imported Premium Lager 6 x 330mL", "image_link": "https://www.aldi.com.au/fileadmin/fm-dam/Products/Groceries/Liquor/2017/ALN0882_SAINTETIENE_1x1_228x128_.jpg", "product_price": "$8.99", "former_price": "", "page": "beer-cider", "base_price": ""},
{"product_amount": "", "product_link": "https://www.aldi.com.au/en/groceries/liquor/beer-cider/laundry-detail/ps/p/storm-brewing-co-premium-light-lager-6-x-330ml/", "product_description": "", "product_name": "Storm Brewing Co. Premium Light Lager 6 x 330mL", "image_link": "https://www.aldi.com.au/fileadmin/fm-dam/Products/Groceries/Liquor/Liquor_Products/ALC7312_LIQUOR_1x1s_228x128_54.jpg", "product_price": "$7.99", "former_price": "", "page": "beer-cider", "base_price": ""},
{"product_amount": "", "product_link": "https://www.aldi.com.au/en/groceries/liquor/beer-cider/laundry-detail/ps/p/storm-brewing-co-pale-ale-6-x-330ml-1/", "product_description": "", "product_name": "Storm Brewing Co. Pale Ale 6 x 330mL", "image_link": "https://www.aldi.com.au/fileadmin/fm-dam/Products/Groceries/Liquor/Liquor_Products/ALC7312_LIQUOR_1x1s_228x128_60.jpg", "product_price": "$8.99", "former_price": "", "page": "beer-cider", "base_price": ""},
{"product_amount": "", "product_link": "https://www.aldi.com.au/en/groceries/liquor/beer-cider/laundry-detail/ps/p/fraser-briggs-premium-lager-24-x-330ml-1/", "product_description": "", "product_name": "Fraser Briggs Premium Lager 24 x 330mL", "image_link": "https://www.aldi.com.au/fileadmin/fm-dam/Products/Groceries/Liquor/Liquor_Products/ALC7312_LIQUOR_1x1s_228x128_3.jpg", "product_price": "$32.99", "former_price": "", "page": "beer-cider", "base_price": ""},
{"product_amount": "", "product_link": "https://www.aldi.com.au/en/groceries/liquor/wine/laundry-detail/ps/p/little-birdwood-cabernet-shiraz-merlot-2014/", "product_description": "", "product_name": "Little Birdwood Cabernet Shiraz Merlot", "image_link": "https://www.aldi.com.au/fileadmin/fm-dam/Products/Groceries/Liquor/ALC7312_LIQUOR_1x1s_228x128_LittleBirdwood.jpg", "product_price": "$4.99", "former_price": "", "page": "wine", "base_price": ""},
{"product_amount": "", "product_link": "https://www.aldi.com.au/en/groceries/liquor/wine/laundry-detail/ps/p/elmfield-cabernet-merlot-2014/", "product_description": "", "product_name": "Elmfield Cabernet Merlot", "image_link": "https://www.aldi.com.au/fileadmin/fm-dam/Products/Groceries/Liquor/Liquor_Products/ALC7312_LIQUOR_1x1s_228x128_27.jpg", "product_price": "$3.99", "former_price": "", "page": "wine", "base_price": ""},
{"product_amount": "", "product_link": "https://www.aldi.com.au/en/groceries/liquor/wine/laundry-detail/ps/p/ac-byrne-co-margaret-river-cabernet-merlot-2013/", "product_description": "", "product_name": "A.C. Byrne & Co. Margaret River Cabernet Merlot", "image_link": "https://www.aldi.com.au/fileadmin/fm-dam/Products/Groceries/Liquor/Liquor_Products/ALC7312_LIQUOR_1x1s_228x128_30.jpg", "product_price": "$9.99", "former_price": "", "page": "wine", "base_price": ""},
{"product_amount": "", "product_link": "https://www.aldi.com.au/en/groceries/home-of-the-lowest-prices/home-of-the-lowest-prices-detail/ps/p/el-tora-taco-kit-375g/", "product_description": "", "product_name": "El Tora Taco Kit 375g", "image_link": "https://www.aldi.com.au/fileadmin/fm-dam/Products/Groceries/Home_of_the_Lowest_Prices/2017/Meat_Taco_Reductions/ALN0781_HOTLP_MEAT_TACO_1x1_228x128_2.jpg", "product_price": "$3.69", "former_price": "$3.99", "page": "home-of-the-lowest-prices", "base_price": "$1.00 per 100g"},
{"product_amount": "", "product_link": "https://www.aldi.com.au/en/groceries/home-of-the-lowest-prices/home-of-the-lowest-prices-detail/ps/p/el-tora-hard-soft-taco-kit-355g/", "product_description": "", "product_name": "El Tora Hard & Soft Taco Kit 355g", "image_link": "https://www.aldi.com.au/fileadmin/fm-dam/Products/Groceries/Home_of_the_Lowest_Prices/2017/Meat_Taco_Reductions/ALN0781_HOTLP_MEAT_TACO_1x1_228x128_3.jpg", "product_price": "$3.69", "former_price": "$3.99", "page": "home-of-the-lowest-prices", "base_price": "$1.04 per 100g"},
{"product_amount": "125g", "product_link": "https://www.aldi.com.au/en/groceries/home-of-the-lowest-prices/home-of-the-lowest-prices-detail/ps/p/julius-dog-treatz-straps-16pk125g/", "product_description": "", "product_name": "Julius Dog Treatz Straps 16pk/125g", "image_link": "https://www.aldi.com.au/fileadmin/fm-dam/Products/Groceries/Home_of_the_Lowest_Prices/2017/Meat_Taco_Reductions/ALN0781_HOTLP_MEAT_TACO_1x1_228x128_6.jpg", "product_price": "$1.49", "former_price": "$1.99", "page": "home-of-the-lowest-prices", "base_price": "$1.19 per 100g"},
{"product_amount": "", "product_link": "https://www.aldi.com.au/en/groceries/liquor/beer-cider/laundry-detail/ps/p/storm-brewing-co-premium-light-lager-24-x-330ml/", "product_description": "", "product_name": "Storm Brewing Co. Premium Light Lager 24 x 330mL", "image_link": "https://www.aldi.com.au/fileadmin/fm-dam/Products/Groceries/Liquor/Liquor_Products/ALC7312_LIQUOR_1x1s_228x128_4.jpg", "product_price": "$22.99", "former_price": "", "page": "beer-cider", "base_price": ""},
{"product_amount": "", "product_link": "https://www.aldi.com.au/en/groceries/liquor/beer-cider/laundry-detail/ps/p/sainte-etienne-imported-premium-lager-24-x-330ml-1/", "product_description": "", "product_name": "Sainte Etienne Imported Premium Lager 24 x 330mL", "image_link": "https://www.aldi.com.au/fileadmin/fm-dam/Products/Groceries/Liquor/2017/ALN0882_SAINTETIENE_1x1_228x128_2.jpg", "product_price": "$29.99", "former_price": "", "page": "beer-cider", "base_price": ""},
{"product_amount": "", "product_link": "https://www.aldi.com.au/en/groceries/liquor/beer-cider/laundry-detail/ps/p/rivet-lager-24-x-330ml-1/", "product_description": "", "product_name": "Rivet Lager 24 x 330mL", "image_link": "https://www.aldi.com.au/fileadmin/fm-dam/Products/Groceries/Liquor/Liquor_Products/ALC7312_LIQUOR_1x1s_228x128_7.jpg", "product_price": "$25.99", "former_price": "", "page": "beer-cider", "base_price": ""},
{"product_amount": "", "product_link": "https://www.aldi.com.au/en/groceries/liquor/beer-cider/laundry-detail/ps/p/storm-brewing-co-premium-super-dry-beer-24-x-330ml-1/", "product_description": "", "product_name": "Storm Brewing Co. Premium Super Dry Beer 24 x 330mL", "image_link": "https://www.aldi.com.au/fileadmin/fm-dam/Products/Groceries/Liquor/Liquor_Products/ALC7312_LIQUOR_1x1s_228x128_15.jpg", "product_price": "$34.99", "former_price": "", "page": "beer-cider", "base_price": ""},
{"product_amount": "", "product_link": "https://www.aldi.com.au/en/groceries/liquor/wine/laundry-detail/ps/p/chateau-les-maurins-bordeaux-cabernet-sauvignon-me/", "product_description": "", "product_name": "Chateau Les Maurins Bordeaux Cabernet Sauvignon & Merlot", "image_link": "https://www.aldi.com.au/fileadmin/fm-dam/Products/Groceries/Liquor/New/ALN0363_WINE_Image_Amend_1x1_228x128.jpg", "product_price": "$9.99", "former_price": "", "page": "wine", "base_price": ""},
{"product_amount": "", "product_link": "https://www.aldi.com.au/en/groceries/liquor/wine/laundry-detail/ps/p/second-left-south-australian-cabernet-merlot/", "product_description": "", "product_name": "Second Left South Australian Cabernet Merlot", "image_link": "https://www.aldi.com.au/fileadmin/fm-dam/Products/Groceries/Liquor/Liquor_Products/ALC7312_LIQUOR_1x1s_228x128_38.jpg", "product_price": "$8.99", "former_price": "", "page": "wine", "base_price": ""},
{"product_amount": "", "product_link": "https://www.aldi.com.au/en/groceries/liquor/wine/laundry-detail/ps/p/ac-byrne-co-mclaren-vale-shiraz-2014/", "product_description": "", "product_name": "A.C. Byrne & Co. McLaren Vale Shiraz", "image_link": "https://www.aldi.com.au/fileadmin/fm-dam/Products/Groceries/Liquor/Liquor_Products/ALC7312_LIQUOR_1x1s_228x128_47.jpg", "product_price": "$9.99", "former_price": "", "page": "wine", "base_price": ""},
{"product_amount": "", "product_link": "https://www.aldi.com.au/en/groceries/liquor/wine/laundry-detail/ps/p/blackstone-paddock-barossa-valley-shiraz-2013/", "product_description": "", "product_name": "Blackstone Paddock Barossa Valley Shiraz", "image_link": "https://www.aldi.com.au/fileadmin/fm-dam/Products/Groceries/Liquor/Liquor_18_5_2016/ALC7777_Liquor_Update_1x1_228x128_1.jpg", "product_price": "$17.99", "former_price": "", "page": "wine", "base_price": ""},
{"product_amount": "ea", "product_link": "https://www.aldi.com.au/en/groceries/home-of-the-lowest-prices/home-of-the-lowest-prices-detail/ps/p/moser-roth-dark-chocolate-assortment-125g/", "product_description": "", "product_name": "Moser Roth Dark Chocolate Assortment 125g", "image_link": "https://www.aldi.com.au/fileadmin/fm-dam/Products/Groceries/Home_of_the_Lowest_Prices/2017/ALN0550_1x1_MOSER_ROTH_DARK_228x128.jpg", "product_price": "$2.49", "former_price": "$2.79", "page": "home-of-the-lowest-prices", "base_price": "1.99 per 100g"},
{"product_amount": "ea", "product_link": "https://www.aldi.com.au/en/groceries/home-of-the-lowest-prices/home-of-the-lowest-prices-detail/ps/p/moser-roth-milk-chocolate-assortment-125g/", "product_description": "", "product_name": "Moser Roth Milk Chocolate Assortment 125g", "image_link": "https://www.aldi.com.au/fileadmin/fm-dam/Products/Groceries/Home_of_the_Lowest_Prices/2017/ALN0550_1x1_MOSER_ROTH_MILK_228x128.jpg", "product_price": "$2.49", "former_price": "$2.79", "page": "home-of-the-lowest-prices", "base_price": "$1.99 per 100g"},
{"product_amount": "8pk", "product_link": "https://www.aldi.com.au/en/groceries/home-of-the-lowest-prices/home-of-the-lowest-prices-detail/ps/p/storck-knoppers-200g/", "product_description": "", "product_name": "Storck Knoppers 200g", "image_link": "https://www.aldi.com.au/fileadmin/fm-dam/Products/Groceries/Home_of_the_Lowest_Prices/2017/ALN0849_1x1_KNOPPERS_MOSER_ROTH_228x128_2.jpg", "product_price": "$3", "former_price": "$3.79", "page": "home-of-the-lowest-prices", "base_price": "1.50 per 100g"},
{"product_amount": "8pk", "product_link": "https://www.aldi.com.au/en/groceries/home-of-the-lowest-prices/home-of-the-lowest-prices-detail/ps/p/belmont-biscuits-co-cart-wheels-8pk200g/", "product_description": "", "product_name": "Belmont Biscuits Co. Cart Wheels 8pk/200g", "image_link": "https://www.aldi.com.au/fileadmin/fm-dam/Products/Groceries/Home_of_the_Lowest_Prices/2017/ALN0550_1x1_BELMONT_228x128_.jpg", "product_price": "$1.49", "former_price": "$1.59", "page": "home-of-the-lowest-prices", "base_price": "75c per 100g"},
{"product_amount": "", "product_link": "https://www.aldi.com.au/en/groceries/liquor/beer-cider/laundry-detail/ps/p/leo-imported-lager-24-x-330ml/", "product_description": "", "product_name": "Leo Imported Lager 24 x 330mL", "image_link": "https://www.aldi.com.au/fileadmin/fm-dam/Products/Groceries/Award_Winning_Products/Liquor_and_Beverages/2017_Beer/ALN0882_BEER_AWARDS_1x1_228x128_9.jpg", "product_price": "$36.99", "former_price": "", "page": "beer-cider", "base_price": ""},
{"product_amount": "", "product_link": "https://www.aldi.com.au/en/groceries/liquor/beer-cider/laundry-detail/ps/p/cape-cyan-natural-blonde-beer-24-x-330ml/", "product_description": "", "product_name": "Cape Cyan Natural Blonde Beer 24 x 330mL", "image_link": "https://www.aldi.com.au/fileadmin/fm-dam/Products/Groceries/Liquor/Liquor_18_5_2016/ALC7718_LIQUOR_1x1_228x128_1.jpg", "product_price": "$32.99", "former_price": "", "page": "beer-cider", "base_price": ""},
{"product_amount": "", "product_link": "https://www.aldi.com.au/en/groceries/liquor/wine/laundry-detail/ps/p/tudor-yarra-valley-pinot-noir-2014/", "product_description": "", "product_name": "Tudor Yarra Valley Pinot Noir", "image_link": "https://www.aldi.com.au/fileadmin/fm-dam/Products/Groceries/Liquor/Liquor_18_5_2016/June_2016_Package_Update/ALC7777_Liquor_Update_June_1x1_228x128_Blue.jpg", "product_price": "$12.99", "former_price": "", "page": "wine", "base_price": ""},
{"product_amount": "", "product_link": "https://www.aldi.com.au/en/groceries/liquor/wine/laundry-detail/ps/p/keepers-glove-south-eastern-australia-tawny-port/", "product_description": "", "product_name": "Keepers Glove South Eastern Australia Tawny Port", "image_link": "https://www.aldi.com.au/fileadmin/fm-dam/Products/Groceries/Liquor/Liquor_Products/ALC7312_LIQUOR_1x1s_228x128_35.jpg", "product_price": "$4.99", "former_price": "", "page": "wine", "base_price": ""},
{"product_amount": "", "product_link": "https://www.aldi.com.au/en/groceries/liquor/wine/laundry-detail/ps/p/south-point-estate-rose-2015/", "product_description": "", "product_name": "South Point Estate Rose", "image_link": "https://www.aldi.com.au/fileadmin/fm-dam/Products/Groceries/Liquor/New/new_ALC7345_LIQUOR_1x1s_24.jpg", "product_price": "$4.99", "former_price": "", "page": "wine", "base_price": ""},
{"product_amount": "200g", "product_link": "https://www.aldi.com.au/en/groceries/home-of-the-lowest-prices/home-of-the-lowest-prices-detail/ps/p/belmont-biscuit-co-just-divine-200g/", "product_description": "", "product_name": "Belmont Biscuit Co. Just Divine 200g", "image_link": "https://www.aldi.com.au/fileadmin/fm-dam/Products/Groceries/Home_of_the_Lowest_Prices/2017/ALN0550_1x1_BELMONT_228x128_2.jpg", "product_price": "$1.49", "former_price": "$1.59", "page": "home-of-the-lowest-prices", "base_price": "75c per 100g"},
{"product_amount": "", "product_link": "https://www.aldi.com.au/en/groceries/home-of-the-lowest-prices/home-of-the-lowest-prices-detail/ps/p/belmont-biscuits-co-chocolate-mint-cremes/", "product_description": "", "product_name": "Belmont Biscuits Co. Chocolate Mint Cr\u00e8mes", "image_link": "https://www.aldi.com.au/fileadmin/fm-dam/Products/Groceries/Home_of_the_Lowest_Prices/2017/ALN0550_1x1_BELMONT_228x128_3.jpg", "product_price": "$1.49", "former_price": "$1.59", "page": "home-of-the-lowest-prices", "base_price": "75c per 100g"},
{"product_amount": "", "product_link": "https://www.aldi.com.au/en/groceries/home-of-the-lowest-prices/home-of-the-lowest-prices-detail/ps/p/inner-goodness-rice-supreme-rice-milk-1l/", "product_description": "", "product_name": "Inner Goodness Rice Supreme - Rice Milk 1L", "image_link": "https://www.aldi.com.au/fileadmin/fm-dam/Products/Groceries/Home_of_the_Lowest_Prices/2017/ALN0550_1x1_RICE_MILK_228x128_.jpg", "product_price": "$1.69", "former_price": "$1.79", "page": "home-of-the-lowest-prices", "base_price": "1.69 per litre"},
{"product_amount": "250g", "product_link": "https://www.aldi.com.au/en/groceries/home-of-the-lowest-prices/home-of-the-lowest-prices-detail/ps/p/imperial-grain-mirowaveable-brown-rice-250g/", "product_description": "", "product_name": "Imperial Grain Mirowaveable Brown Rice 250g", "image_link": "https://www.aldi.com.au/fileadmin/fm-dam/Products/Groceries/Home_of_the_Lowest_Prices/2017/ALN0550_1x1_BROWN-RICE_228x128.jpg", "product_price": "$1.39", "former_price": "$1.49", "page": "home-of-the-lowest-prices", "base_price": "56c per 100g"},
{"product_amount": "", "product_link": "https://www.aldi.com.au/en/groceries/liquor/beer-cider/laundry-detail/ps/p/storm-brewing-co-pale-ale-24-x-330ml/", "product_description": "", "product_name": "Storm Brewing Co. Pale Ale 24 x 330mL", "image_link": "https://www.aldi.com.au/fileadmin/fm-dam/Products/Groceries/Liquor/Liquor_Products/ALC7312_LIQUOR_1x1s_228x128_52.jpg", "product_price": "$33.99", "former_price": "", "page": "beer-cider", "base_price": ""},
{"product_amount": "", "product_link": "https://www.aldi.com.au/en/groceries/liquor/beer-cider/laundry-detail/ps/p/rivet-gold-lager-30-x-330ml/", "product_description": "", "product_name": "Rivet Gold Lager 30 x 330mL", "image_link": "https://www.aldi.com.au/fileadmin/fm-dam/Products/Groceries/Liquor/Liquor_Products/ALC7312_LIQUOR_1x1s_228x128_53.jpg", "product_price": "$28.99", "former_price": "", "page": "beer-cider", "base_price": ""},
{"product_amount": "", "product_link": "https://www.aldi.com.au/en/groceries/liquor/beer-cider/laundry-detail/ps/p/storm-brewing-co-apple-cider-24-x-330ml/", "product_description": "", "product_name": "Storm Brewing Co. Apple Cider 4 x 330mL", "image_link": "https://www.aldi.com.au/fileadmin/fm-dam/Products/Groceries/Award_Winning_Products/Liquor_and_Beverages/2017_Beer/ALN0882_BEER_AWARDS_1x1_228x128_.jpg", "product_price": "$6.99", "former_price": "", "page": "beer-cider", "base_price": ""},
{"product_amount": "", "product_link": "https://www.aldi.com.au/en/groceries/liquor/wine/laundry-detail/ps/p/second-left-adelaide-hills-sauvignon-blanc-2015/", "product_description": "", "product_name": "Second Left Adelaide Hills Sauvignon Blanc", "image_link": "https://www.aldi.com.au/fileadmin/fm-dam/Products/Groceries/Liquor/Liquor_Products_Phase_2/ALC7312_LIQUOR_AWARDS_1x1s_228x128_20.jpg", "product_price": "$6.99", "former_price": "$7.99", "page": "wine", "base_price": ""},
{"product_amount": "", "product_link": "https://www.aldi.com.au/en/groceries/liquor/wine/laundry-detail/ps/p/ac-byrne-co-margaret-river-chardonnay-2014-1/", "product_description": "", "product_name": "A.C. Byrne & Co. Margaret River Chardonnay", "image_link": "https://www.aldi.com.au/fileadmin/fm-dam/Products/Groceries/Liquor/Liquor_Products_Phase_2/ALC7312_LIQUOR_AWARDS_1x1s_228x128_2.jpg", "product_price": "$9.99", "former_price": "", "page": "wine", "base_price": ""},
{"product_amount": "450g", "product_link": "https://www.aldi.com.au/en/groceries/home-of-the-lowest-prices/home-of-the-lowest-prices-detail/ps/p/market-fare-frozen-quick-steam-vegetables-450g/", "product_description": "", "product_name": "Market Fare Frozen Quick Steam Vegetables 450g", "image_link": "https://www.aldi.com.au/fileadmin/fm-dam/Products/Groceries/Home_of_the_Lowest_Prices/2017/WK25_Update/ALN0550_WEB_MAINTENANCE_HOTLP_1x1_228x128_17.jpg", "product_price": "$1.79", "former_price": "$1.99", "page": "home-of-the-lowest-prices", "base_price": "$3.98 per kg"},
{"product_amount": "", "product_link": "https://www.aldi.com.au/en/groceries/home-of-the-lowest-prices/home-of-the-lowest-prices-detail/ps/p/emporium-selection-triple-cream-brie-200g-6/", "product_description": "", "product_name": "Emporium Selection Triple Cream Brie 200g", "image_link": "https://www.aldi.com.au/fileadmin/fm-dam/Products/Groceries/Home_of_the_Lowest_Prices/Products/Week_31/ALC6976_1x1_HOLO-AUGUST_228x128_16.jpg", "product_price": "$3.99", "former_price": "$4.49", "page": "home-of-the-lowest-prices", "base_price": "$19.95 per kg"},
{"product_amount": "", "product_link": "https://www.aldi.com.au/en/groceries/home-of-the-lowest-prices/home-of-the-lowest-prices-detail/ps/p/berg-rindless-short-cut-bacon-175g-1/", "product_description": "", "product_name": "Berg Rindless Short Cut Bacon 175g", "image_link": "https://www.aldi.com.au/fileadmin/fm-dam/images/Stop_and_Smell_the_Savings/Range_Products/ALN0470_1x1_SSTS_228x128_7.jpg", "product_price": "$2.99", "former_price": "", "page": "home-of-the-lowest-prices", "base_price": "$14.23 per kg"},
{"product_amount": "", "product_link": "https://www.aldi.com.au/en/groceries/home-of-the-lowest-prices/home-of-the-lowest-prices-detail/ps/p/emporium-selection-double-cream-camembert-200g-6/", "product_description": "", "product_name": "Emporium Selection Double Cream Camembert 200g", "image_link": "https://www.aldi.com.au/fileadmin/fm-dam/Products/Groceries/Home_of_the_Lowest_Prices/Products/Week_31/ALC6976_1x1_HOLO-AUGUST_228x128_15.jpg", "product_price": "$3.39", "former_price": "$4.49", "page": "home-of-the-lowest-prices", "base_price": "$19.95 per kg"},
{"product_amount": "", "product_link": "https://www.aldi.com.au/en/groceries/liquor/beer-cider/laundry-detail/ps/p/storm-brewing-co-pear-cider-24-x-330ml/", "product_description": "", "product_name": "Storm Brewing Co. Pear Cider 4 x 330mL", "image_link": "https://www.aldi.com.au/fileadmin/fm-dam/Products/Groceries/Award_Winning_Products/Liquor_and_Beverages/2017_Beer/ALN0882_BEER_AWARDS_1x1_228x128_2.jpg", "product_price": "$6.99", "former_price": "", "page": "beer-cider", "base_price": ""},
{"product_amount": "", "product_link": "https://www.aldi.com.au/en/groceries/liquor/beer-cider/laundry-detail/ps/p/renberg-swedish-strawberry-lime-cider-15-x-500ml/", "product_description": "", "product_name": "Renberg Swedish Strawberry & Lime Cider 500mL", "image_link": "https://www.aldi.com.au/fileadmin/fm-dam/Products/Groceries/Liquor/Liquor_Products/ALC7312_LIQUOR_1x1s_228x128_44.jpg", "product_price": "$3.99", "former_price": "", "page": "beer-cider", "base_price": ""},
{"product_amount": "", "product_link": "https://www.aldi.com.au/en/groceries/liquor/beer-cider/laundry-detail/ps/p/renberg-apple-cider-500ml/", "product_description": "", "product_name": "Renberg Apple Cider 500mL", "image_link": "https://www.aldi.com.au/fileadmin/fm-dam/Products/Groceries/Liquor/Liquor_18_5_2016/ALC7718_LIQUOR_1x1_228x128_8_01.jpg", "product_price": "$2.99", "former_price": "", "page": "beer-cider", "base_price": ""},
{"product_amount": "", "product_link": "https://www.aldi.com.au/en/groceries/liquor/wine/laundry-detail/ps/p/precious-earth-semillon-chardonnay-chenin-blanc-20/", "product_description": "", "product_name": "Precious Earth Semillon, Chardonnay & Chenin Blanc", "image_link": "https://www.aldi.com.au/fileadmin/fm-dam/Products/Groceries/Liquor/Liquor_18_5_2016/ALC7777_Liquor_Update_1x1_228x128_6.jpg", "product_price": "$2.69", "former_price": "", "page": "wine", "base_price": ""},
{"product_amount": "", "product_link": "https://www.aldi.com.au/en/groceries/liquor/wine/laundry-detail/ps/p/ac-byrne-co-margaret-river-semillon-sauvignon-blan-1/", "product_description": "", "product_name": "A.C. Byrne & Co. Margaret River Semillon Sauvignon Blanc", "image_link": "https://www.aldi.com.au/fileadmin/fm-dam/Products/Groceries/Liquor/Liquor_Products/ALC7312_LIQUOR_1x1s_228x128_20.jpg", "product_price": "$7.99", "former_price": "", "page": "wine", "base_price": ""},
{"product_amount": "", "product_link": "https://www.aldi.com.au/en/groceries/liquor/wine/laundry-detail/ps/p/claire-creek-chardonnay-2014/", "product_description": "", "product_name": "Claire Creek Chardonnay", "image_link": "https://www.aldi.com.au/fileadmin/fm-dam/Products/Groceries/Liquor/Liquor_18_5_2016/ALC7718_LIQUOR_1x1_228x128_4.jpg", "product_price": "$4.99", "former_price": "", "page": "wine", "base_price": ""},
{"product_amount": "", "product_link": "https://www.aldi.com.au/en/groceries/liquor/wine/laundry-detail/ps/p/the-pond-pinot-grigio-chardonnay-2014-1/", "product_description": "", "product_name": "The Pond Pinot Grigio Chardonnay", "image_link": "https://www.aldi.com.au/fileadmin/fm-dam/Products/Groceries/Liquor/Liquor_NO_Vintages/ALC7312_LIQUOR_1x1s_228x128_22.jpg", "product_price": "$6.99", "former_price": "", "page": "wine", "base_price": ""},
{"product_amount": "1L", "product_link": "https://www.aldi.com.au/en/groceries/home-of-the-lowest-prices/home-of-the-lowest-prices-detail/ps/p/ancosoft-fabric-softener-concentrate-1l-1/", "product_description": "", "product_name": "Ancosoft Fabric Softener Concentrate 1L", "image_link": "https://www.aldi.com.au/fileadmin/fm-dam/images/Stop_and_Smell_the_Savings/Range_Products/Update/ALN0376_STOP_AND_SMELL_SAVINGS_1x1_228x128_.jpg", "product_price": "$3.49", "former_price": "$3.69", "page": "home-of-the-lowest-prices", "base_price": "$3.49 per litre"},
{"product_amount": "400g", "product_link": "https://www.aldi.com.au/en/groceries/home-of-the-lowest-prices/home-of-the-lowest-prices-detail/ps/p/belmont-biscuit-co-chocolate-chip-cookies-400g-1/", "product_description": "", "product_name": "Belmont Biscuit Co. Chocolate Chip Cookies 400g", "image_link": "https://www.aldi.com.au/fileadmin/fm-dam/images/The_Block/Fuelling_the_Block_2016/ALC7782_THE_BLOCK_1x1_228x128_53.jpg", "product_price": "$2.99", "former_price": "$3.49", "page": "home-of-the-lowest-prices", "base_price": "75c per 100g"},
{"product_amount": "", "product_link": "https://www.aldi.com.au/en/groceries/home-of-the-lowest-prices/home-of-the-lowest-prices-detail/ps/p/brooklea-99-fat-free-tub-set-natural-yogurt-1kg-1/", "product_description": "", "product_name": "Brooklea 99% Fat Free Tub Set Natural Yogurt 1kg", "image_link": "https://www.aldi.com.au/fileadmin/fm-dam/images/Stop_and_Smell_the_Savings/Range_Products/ALN0470_1x1_SSTS_228x128_9.jpg", "product_price": "$2.79", "former_price": "$3", "page": "home-of-the-lowest-prices", "base_price": "28c per 100g"},
{"product_amount": "", "product_link": "https://www.aldi.com.au/en/groceries/liquor/wine/laundry-detail/ps/p/one-road-eden-valley-padthaway-chardonnay-2014/", "product_description": "", "product_name": "One Road Eden Valley & Padthaway Chardonnay", "image_link": "https://www.aldi.com.au/fileadmin/fm-dam/Products/Groceries/Liquor/2017/ALN0550_1x1_Q1-UPDATE_228x128.jpg", "product_price": "$6.99", "former_price": "", "page": "wine", "base_price": ""},
{"product_amount": "", "product_link": "https://www.aldi.com.au/en/groceries/liquor/wine/laundry-detail/ps/p/little-birdwood-semillon-sauvignon-blanc-2015/", "product_description": "", "product_name": "Little Birdwood Semillon Sauvignon Blanc", "image_link": "https://www.aldi.com.au/fileadmin/fm-dam/Products/Groceries/Liquor/Liquor_NO_Vintages/ALC7312_LIQUOR_1x1s_228x128_31.jpg", "product_price": "$4.99", "former_price": "", "page": "wine", "base_price": ""},
{"product_amount": "", "product_link": "https://www.aldi.com.au/en/groceries/liquor/wine/laundry-detail/ps/p/elmfield-chardonnay-2014/", "product_description": "", "product_name": "Elmfield Chardonnay", "image_link": "https://www.aldi.com.au/fileadmin/fm-dam/Products/Groceries/Liquor/Liquor_NO_Vintages/ALC7312_LIQUOR_1x1s_228x128_32.jpg", "product_price": "$3.99", "former_price": "", "page": "wine", "base_price": ""},
{"product_amount": "", "product_link": "https://www.aldi.com.au/en/groceries/liquor/wine/laundry-detail/ps/p/south-point-estate-central-victorian-sauvignon-bla/", "product_description": "", "product_name": "South Point Estate Central Victorian Sauvignon Blanc", "image_link": "https://www.aldi.com.au/fileadmin/fm-dam/Products/Groceries/Liquor/Liquor_NO_Vintages/ALC7312_LIQUOR_1x1s_228x128_34.jpg", "product_price": "$4.99", "former_price": "", "page": "wine", "base_price": ""},
{"product_amount": "250ml", "product_link": "https://www.aldi.com.au/en/groceries/home-of-the-lowest-prices/home-of-the-lowest-prices-detail/ps/p/casa-barelli-premium-balsamic-250ml-1/", "product_description": "", "product_name": "Casa Barelli Premium Balsamic 250ml", "image_link": "https://www.aldi.com.au/fileadmin/fm-dam/images/Stop_and_Smell_the_Savings/Range_Products/Update/ALN0376_STOP_AND_SMELL_SAVINGS_1x1_228x128_18.jpg", "product_price": "$3.99", "former_price": "", "page": "home-of-the-lowest-prices", "base_price": "$1.60 per 100ml"},
{"product_amount": "150g", "product_link": "https://www.aldi.com.au/en/groceries/home-of-the-lowest-prices/home-of-the-lowest-prices-detail/ps/p/damora-pastry-twists-150g-1/", "product_description": "", "product_name": "Damora Pastry Twists 150g", "image_link": "https://www.aldi.com.au/fileadmin/fm-dam/Products/Groceries/Home_of_the_Lowest_Prices/2017/Testers_Club/ALN0989_TestersClub_1x1_228x128_.jpg", "product_price": "$2.99", "former_price": "", "page": "home-of-the-lowest-prices", "base_price": "$1.99 per 100g"},
{"product_amount": "224g", "product_link": "https://www.aldi.com.au/en/groceries/home-of-the-lowest-prices/home-of-the-lowest-prices-detail/ps/p/belmont-biscuit-co-milk-chocolate-caramel-wafer-8p/", "product_description": "", "product_name": "Belmont Biscuit Co. Milk Chocolate Caramel Wafer 8pk/224g", "image_link": "https://www.aldi.com.au/fileadmin/fm-dam/Products/Groceries/Home_of_the_Lowest_Prices/2017/Testers_Club/ALN0989_TestersClub_1x1_228x128_2.jpg", "product_price": "$2.69", "former_price": "", "page": "home-of-the-lowest-prices", "base_price": "$1.20 per 100g"},
{"product_amount": "", "product_link": "https://www.aldi.com.au/en/groceries/liquor/wine/laundry-detail/ps/p/precious-earth-semillon-sauvignon-blanc-2015/", "product_description": "", "product_name": "Precious Earth Semillon Sauvignon Blanc", "image_link": "https://www.aldi.com.au/fileadmin/fm-dam/Products/Groceries/Liquor/Liquor_NO_Vintages/ALC7312_LIQUOR_1x1s_228x128_precious_3.jpg", "product_price": "$2.69", "former_price": "", "page": "wine", "base_price": ""},
{"product_amount": "", "product_link": "https://www.aldi.com.au/en/groceries/liquor/wine/laundry-detail/ps/p/kaiora-bay-marlborough-sauvignon-blanc/", "product_description": "", "product_name": "Kaiora Bay Marlborough Sauvignon Blanc", "image_link": "https://www.aldi.com.au/fileadmin/fm-dam/Products/Groceries/Liquor/Liquor_NO_Vintages/ALC7312_LIQUOR_1x1s_228x128_37.jpg", "product_price": "$8.99", "former_price": "", "page": "wine", "base_price": ""},
{"product_amount": "", "product_link": "https://www.aldi.com.au/en/groceries/liquor/wine/laundry-detail/ps/p/loire-valley-sauvignon-blanc-2014/", "product_description": "", "product_name": "Loire Valley Sauvignon Blanc", "image_link": "https://www.aldi.com.au/fileadmin/fm-dam/Products/Groceries/Liquor/Liquor_18_5_2016/ALC7777_Liquor_Update_1x1_228x128_5.jpg", "product_price": "$7.99", "former_price": "", "page": "wine", "base_price": ""},
{"product_amount": "", "product_link": "https://www.aldi.com.au/en/groceries/liquor/wine/laundry-detail/ps/p/peter-mertes-gold-edition-mosel-riesling-2014/", "product_description": "", "product_name": "Peter Mertes Gold Edition Mosel Riesling", "image_link": "https://www.aldi.com.au/fileadmin/fm-dam/Products/Groceries/Liquor/Liquour_11_02_16/ALC7513_LIQUOR_AWARDS_1x1s_228x128_RND2_8.jpg", "product_price": "$7.99", "former_price": "", "page": "wine", "base_price": ""},
{"product_amount": "500g", "product_link": "https://www.aldi.com.au/en/groceries/home-of-the-lowest-prices/home-of-the-lowest-prices-detail/ps/p/goldenvale-muesli-clusters-500g/", "product_description": "", "product_name": "Goldenvale Muesli Clusters 500g", "image_link": "https://www.aldi.com.au/fileadmin/fm-dam/Products/Groceries/Home_of_the_Lowest_Prices/2017/Testers_Club/ALN0989_TestersClub_1x1_228x128_3.jpg", "product_price": "$3.79", "former_price": "", "page": "home-of-the-lowest-prices", "base_price": "79c per 100g"},
{"product_amount": "110g", "product_link": "https://www.aldi.com.au/en/groceries/home-of-the-lowest-prices/home-of-the-lowest-prices-detail/ps/p/specially-selected-smoked-rainbow-trout-fillets-11/", "product_description": "", "product_name": "Specially Selected Smoked Rainbow Trout Fillets 110g", "image_link": "https://www.aldi.com.au/fileadmin/fm-dam/Products/Groceries/Home_of_the_Lowest_Prices/2017/Testers_Club/ALN0989_TestersClub_1x1_228x128_6.jpg", "product_price": "$2.99", "former_price": "", "page": "home-of-the-lowest-prices", "base_price": "$27.18 per kg"},
{"product_amount": "150g-185g", "product_link": "https://www.aldi.com.au/en/groceries/home-of-the-lowest-prices/home-of-the-lowest-prices-detail/ps/p/white-mill-baking-nuts-pecans-or-walnuts-150g-185g/", "product_description": "", "product_name": "White Mill Baking Nuts - Pecans or Walnuts 150g-185g", "image_link": "https://www.aldi.com.au/fileadmin/fm-dam/Products/Groceries/Home_of_the_Lowest_Prices/2017/Testers_Club/ALN0989_TestersClub_1x1_228x128_8.jpg", "product_price": "$3.49", "former_price": "", "page": "home-of-the-lowest-prices", "base_price": "$18.86-$23.26 per kg"},
{"product_amount": "", "product_link": "https://www.aldi.com.au/en/groceries/liquor/wine/laundry-detail/ps/p/neve-marlborough-sauvignon-blanc-2014-1/", "product_description": "", "product_name": "Neve Marlborough Sauvignon Blanc", "image_link": "https://www.aldi.com.au/fileadmin/fm-dam/Products/Groceries/Liquor/Liquor_Products/ALC7312_LIQUOR_1x1s_228x128_62.jpg", "product_price": "$5.99", "former_price": "", "page": "wine", "base_price": ""},
{"product_amount": "", "product_link": "https://www.aldi.com.au/en/groceries/liquor/wine/laundry-detail/ps/p/south-point-estate-pinot-grigio-2015/", "product_description": "", "product_name": "South Point Estate Pinot Grigio", "image_link": "https://www.aldi.com.au/fileadmin/fm-dam/Products/Groceries/Liquor/New/new_ALC7345_LIQUOR_1x1s_19.jpg", "product_price": "$4.99", "former_price": "", "page": "wine", "base_price": ""},
{"product_amount": "", "product_link": "https://www.aldi.com.au/en/groceries/liquor/wine/laundry-detail/ps/p/kaiora-bay-reserve-marlborough-sauvignon-blanc/", "product_description": "", "product_name": "Kaiora Bay Reserve Marlborough Sauvignon Blanc", "image_link": "https://www.aldi.com.au/fileadmin/fm-dam/Products/Groceries/Liquor/new_ALC7345_LIQUOR_1x1s_21_BayRserve.jpg", "product_price": "$11.99", "former_price": "", "page": "wine", "base_price": ""},
{"product_amount": "", "product_link": "https://www.aldi.com.au/en/groceries/liquor/wine/laundry-detail/ps/p/brooke-james-vintners-semillon-sauvignon-blanc-cas/", "product_description": "", "product_name": "Brooke James Vintners Semillon Sauvignon Blanc Cask 2L", "image_link": "https://www.aldi.com.au/fileadmin/fm-dam/Products/Groceries/Liquor/New/ALC7440_1x1_228x128_2.jpg", "product_price": "$8.49", "former_price": "", "page": "wine", "base_price": ""},
{"product_amount": "250ml", "product_link": "https://www.aldi.com.au/en/groceries/home-of-the-lowest-prices/home-of-the-lowest-prices-detail/ps/p/brookdale-100-pure-canadian-maple-syrup-250ml/", "product_description": "", "product_name": "Brookdale 100% Pure Canadian Maple Syrup 250ml", "image_link": "https://www.aldi.com.au/fileadmin/fm-dam/Products/Groceries/Home_of_the_Lowest_Prices/2017/Testers_Club/ALN0989_TestersClub_1x1_228x128_9.jpg", "product_price": "$5.69", "former_price": "", "page": "home-of-the-lowest-prices", "base_price": "$2.28 per 100ml"},
{"product_amount": "375g", "product_link": "https://www.aldi.com.au/en/groceries/home-of-the-lowest-prices/home-of-the-lowest-prices-detail/ps/p/white-mill-pancake-shake-375g/", "product_description": "", "product_name": "White Mill Pancake Shake 375g", "image_link": "https://www.aldi.com.au/fileadmin/fm-dam/Products/Groceries/Home_of_the_Lowest_Prices/2017/Testers_Club/ALN0989_TestersClub_1x1_228x128_10.jpg", "product_price": "$1.48", "former_price": "", "page": "home-of-the-lowest-prices", "base_price": "40c per 100g"},
{"product_amount": "720g", "product_link": "https://www.aldi.com.au/en/groceries/home-of-the-lowest-prices/home-of-the-lowest-prices-detail/ps/p/dairy-dream-deli-yogurt-720g-1/", "product_description": "", "product_name": "Dairy Dream Deli Yogurt 720g", "image_link": "https://www.aldi.com.au/fileadmin/fm-dam/images/Stop_and_Smell_the_Savings/Range_Products/Update/ALN0376_STOP_AND_SMELL_SAVINGS_1x1_228x128_4.jpg", "product_price": "$3.99", "former_price": "", "page": "home-of-the-lowest-prices", "base_price": "55c per 100g"},
{"product_amount": "160g", "product_link": "https://www.aldi.com.au/en/groceries/home-of-the-lowest-prices/home-of-the-lowest-prices-detail/ps/p/damora-mini-rice-cakes-160g-2/", "product_description": "", "product_name": "Damora Mini Rice Cakes 160g", "image_link": "https://www.aldi.com.au/fileadmin/fm-dam/images/Stop_and_Smell_the_Savings/Range_Products/Update/ALN0376_STOP_AND_SMELL_SAVINGS_1x1_228x128_19.jpg", "product_price": "$3.99", "former_price": "", "page": "home-of-the-lowest-prices", "base_price": "$2.49 per 100g"},
{"product_amount": "", "product_link": "https://www.aldi.com.au/en/groceries/liquor/wine/laundry-detail/ps/p/albertsons-reserve-soft-fruity-white-cask/", "product_description": "", "product_name": "Albertson's Reserve Soft Fruity White Cask 4L", "image_link": "https://www.aldi.com.au/fileadmin/fm-dam/Products/Groceries/Liquor/Liquor_Products_Phase_4/ALC7312_LIQUOR_1x1s_228x128_10.jpg", "product_price": "$8.99", "former_price": "", "page": "wine", "base_price": ""},
{"product_amount": "", "product_link": "https://www.aldi.com.au/en/groceries/liquor/wine/laundry-detail/ps/p/albertsons-reserve-crisp-dry-white-cask/", "product_description": "", "product_name": "Albertson's Reserve Crisp Dry White Cask 4L", "image_link": "https://www.aldi.com.au/fileadmin/fm-dam/Products/Groceries/Liquor/Liquor_Products_Phase_4/ALC7312_LIQUOR_1x1s_228x128_11.jpg", "product_price": "$8.99", "former_price": "", "page": "wine", "base_price": ""},
{"product_amount": "", "product_link": "https://www.aldi.com.au/en/groceries/liquor/wine/laundry-detail/ps/p/south-point-estate-moscato-2015-1/", "product_description": "", "product_name": "South Point Estate Moscato", "image_link": "https://www.aldi.com.au/fileadmin/fm-dam/Products/Groceries/Liquor/New/new_ALC7345_LIQUOR_1x1s_20.jpg", "product_price": "$4.99", "former_price": "", "page": "wine", "base_price": ""},
{"product_amount": "250g", "product_link": "https://www.aldi.com.au/en/groceries/home-of-the-lowest-prices/home-of-the-lowest-prices-detail/ps/p/deli-originals-hommus-dip-250g-3/", "product_description": "", "product_name": "Deli Originals Hommus Dip 250g", "image_link": "https://www.aldi.com.au/fileadmin/fm-dam/images/Stop_and_Smell_the_Savings/Range_Products/Update/ALN0376_STOP_AND_SMELL_SAVINGS_1x1_228x128_23.jpg", "product_price": "$1.49", "former_price": "$1.79", "page": "home-of-the-lowest-prices", "base_price": "60c per 100g"},
{"product_amount": "495g", "product_link": "https://www.aldi.com.au/en/groceries/home-of-the-lowest-prices/home-of-the-lowest-prices-detail/ps/p/el-tora-burrito-kit-495g-1/", "product_description": "", "product_name": "El Tora Burrito Kit 495g", "image_link": "https://www.aldi.com.au/fileadmin/fm-dam/Products/Groceries/Home_of_the_Lowest_Prices/2017/Meat_Taco_Reductions/ALN0781_HOTLP_MEAT_TACO_1x1_228x128_9.jpg", "product_price": "$3.69", "former_price": "$3.99", "page": "home-of-the-lowest-prices", "base_price": "75c per 100g"},
{"product_amount": "", "product_link": "https://www.aldi.com.au/en/groceries/liquor/wine/laundry-detail/ps/p/south-point-estate-pink-moscato-2014/", "product_description": "", "product_name": "South Point Estate Pink Moscato", "image_link": "https://www.aldi.com.au/fileadmin/fm-dam/Products/Groceries/Liquor/Liquor_18_5_2016/June_2016_Package_Update/ALC7777_Liquor_Update_June_1x1_228x128_6.jpg", "product_price": "$4.99", "former_price": "", "page": "wine", "base_price": ""},
{"product_amount": "410g", "product_link": "https://www.aldi.com.au/en/groceries/home-of-the-lowest-prices/home-of-the-lowest-prices-detail/ps/p/el-tora-soft-taco-kit-410g-1/", "product_description": "", "product_name": "El Tora Soft Taco Kit 410g", "image_link": "https://www.aldi.com.au/fileadmin/fm-dam/Products/Groceries/Home_of_the_Lowest_Prices/2017/Meat_Taco_Reductions/ALN0781_HOTLP_MEAT_TACO_1x1_228x128_8.jpg", "product_price": "$3.69", "former_price": "$3.99", "page": "home-of-the-lowest-prices", "base_price": "90c per 100g"},
{"product_amount": "", "product_link": "https://www.aldi.com.au/en/groceries/home-of-the-lowest-prices/home-of-the-lowest-prices-detail/ps/p/emporium-selection-danish-smooth-blue-vein-cheese-2/", "product_description": "", "product_name": "Emporium Selection Danish Smooth Blue Vein Cheese 200g", "image_link": "https://www.aldi.com.au/fileadmin/fm-dam/images/Christmas_2016/Hard_Launch/WK50/ALN0344_1x1_228x128_23.jpg", "product_price": "$4.99", "former_price": "", "page": "home-of-the-lowest-prices", "base_price": "$24.95 per kg"},
{"product_amount": "", "product_link": "https://www.aldi.com.au/en/groceries/home-of-the-lowest-prices/home-of-the-lowest-prices-detail/ps/p/emporium-selection-danish-smooth-white-cheese-200g-2/", "product_description": "", "product_name": "Emporium Selection Danish Smooth White Cheese 200g", "image_link": "https://www.aldi.com.au/fileadmin/fm-dam/images/Christmas_2016/Hard_Launch/WK50/ALN0344_1x1_228x128_22.jpg", "product_price": "$4.99", "former_price": "", "page": "home-of-the-lowest-prices", "base_price": "$24.95per kg"},
{"product_amount": "25g", "product_link": "https://www.aldi.com.au/en/groceries/home-of-the-lowest-prices/home-of-the-lowest-prices-detail/ps/p/essential-health-paw-paw-ointment-25g-1/", "product_description": "", "product_name": "Essential Health Paw Paw Ointment 25g", "image_link": "https://www.aldi.com.au/fileadmin/fm-dam/images/Stop_and_Smell_the_Savings/Range_Products/Update/ALN0376_STOP_AND_SMELL_SAVINGS_1x1_228x128_17.jpg", "product_price": "$1.99", "former_price": "", "page": "home-of-the-lowest-prices", "base_price": "$7.96 per 100g"},
{"product_amount": "750g", "product_link": "https://www.aldi.com.au/en/groceries/home-of-the-lowest-prices/home-of-the-lowest-prices-detail/ps/p/forresters-cashew-nuts-750g-1/", "product_description": "", "product_name": "Forresters Cashew Nuts 750g", "image_link": "https://www.aldi.com.au/fileadmin/fm-dam/images/Stop_and_Smell_the_Savings/Range_Products/ALN0470_1x1_SSTS_228x128_1.jpg", "product_price": "$13.99", "former_price": "", "page": "home-of-the-lowest-prices", "base_price": "$18.65 per kg"},
{"product_amount": "750g", "product_link": "https://www.aldi.com.au/en/groceries/home-of-the-lowest-prices/home-of-the-lowest-prices-detail/ps/p/forresters-natural-almonds-750g-1/", "product_description": "", "product_name": "Forresters Natural Almonds 750g", "image_link": "https://www.aldi.com.au/fileadmin/fm-dam/images/Stop_and_Smell_the_Savings/Range_Products/ALN0661_1x1_SSTS_ALMONDS_228x128.jpg", "product_price": "$9.99", "former_price": "$12.99", "page": "home-of-the-lowest-prices", "base_price": "$13.32 per kg"},
{"product_amount": "600g", "product_link": "https://www.aldi.com.au/en/groceries/home-of-the-lowest-prices/home-of-the-lowest-prices-detail/ps/p/forresters-pistachio-600g-1/", "product_description": "", "product_name": "Forresters Pistachio 600g", "image_link": "https://www.aldi.com.au/fileadmin/fm-dam/images/Stop_and_Smell_the_Savings/Range_Products/Update/ALN0376_STOP_AND_SMELL_SAVINGS_1x1_228x128_22.jpg", "product_price": "$9.99", "former_price": "$13.99", "page": "home-of-the-lowest-prices", "base_price": "$1.67 per 100g"},
{"product_amount": "500g", "product_link": "https://www.aldi.com.au/en/groceries/home-of-the-lowest-prices/home-of-the-lowest-prices-detail/ps/p/has-no-gluten-free-spaghetti-500g-1/", "product_description": "", "product_name": "Has No Gluten Free Spaghetti 500g", "image_link": "https://www.aldi.com.au/fileadmin/fm-dam/images/Stop_and_Smell_the_Savings/Range_Products/Update/ALN0376_STOP_AND_SMELL_SAVINGS_1x1_228x128_20.jpg", "product_price": "$2.49", "former_price": "", "page": "home-of-the-lowest-prices", "base_price": "50c per 100g"},
{"product_amount": "500g", "product_link": "https://www.aldi.com.au/en/groceries/home-of-the-lowest-prices/home-of-the-lowest-prices-detail/ps/p/has-no-gluten-free-spirals-500g-1/", "product_description": "", "product_name": "Has No Gluten Free Spirals 500g", "image_link": "https://www.aldi.com.au/fileadmin/fm-dam/images/Stop_and_Smell_the_Savings/Range_Products/Update/ALN0376_STOP_AND_SMELL_SAVINGS_1x1_228x128_34.jpg", "product_price": "$2.49", "former_price": "", "page": "home-of-the-lowest-prices", "base_price": "50c per 100g"},
{"product_amount": "500g", "product_link": "https://www.aldi.com.au/en/groceries/home-of-the-lowest-prices/home-of-the-lowest-prices-detail/ps/p/has-no-gluten-free-wholemeal-penne-500g-1/", "product_description": "", "product_name": "Has No Gluten Free Wholemeal Penne 500g", "image_link": "https://www.aldi.com.au/fileadmin/fm-dam/images/Stop_and_Smell_the_Savings/Range_Products/Update/ALN0376_STOP_AND_SMELL_SAVINGS_1x1_228x128_35.jpg", "product_price": "$2.49", "former_price": "", "page": "home-of-the-lowest-prices", "base_price": "50c per 100g"},
{"product_amount": "250g", "product_link": "https://www.aldi.com.au/en/groceries/home-of-the-lowest-prices/home-of-the-lowest-prices-detail/ps/p/just-organic-butter-250g-3/", "product_description": "", "product_name": "Just Organic Butter 250g", "image_link": "https://www.aldi.com.au/fileadmin/fm-dam/images/Stop_and_Smell_the_Savings/Range_Products/Update/ALN0376_STOP_AND_SMELL_SAVINGS_1x1_228x128_3.jpg", "product_price": "$3.49", "former_price": "", "page": "home-of-the-lowest-prices", "base_price": "$1.40 per 100g"},
{"product_amount": "300g", "product_link": "https://www.aldi.com.au/en/groceries/home-of-the-lowest-prices/home-of-the-lowest-prices-detail/ps/p/just-organic-extra-virgin-coconut-oil-300g-1/", "product_description": "", "product_name": "Just Organic Extra Virgin Coconut Oil 300g", "image_link": "https://www.aldi.com.au/fileadmin/fm-dam/images/Stop_and_Smell_the_Savings/Range_Products/Update/ALN0376_STOP_AND_SMELL_SAVINGS_1x1_228x128_6.jpg", "product_price": "$4.49", "former_price": "$4.99", "page": "home-of-the-lowest-prices", "base_price": "$1.50 per 100g"},
{"product_amount": "100g", "product_link": "https://www.aldi.com.au/en/groceries/home-of-the-lowest-prices/home-of-the-lowest-prices-detail/ps/p/just-organic-fair-trade-chocolate-100g-1/", "product_description": "", "product_name": "Just Organic Fair Trade Chocolate 100g", "image_link": "https://www.aldi.com.au/fileadmin/fm-dam/images/Stop_and_Smell_the_Savings/Range_Products/Update/ALN0376_STOP_AND_SMELL_SAVINGS_1x1_228x128_7.jpg", "product_price": "$2.49", "former_price": "", "page": "home-of-the-lowest-prices", "base_price": "$2.49 per 100g"},
{"product_amount": "50ml", "product_link": "https://www.aldi.com.au/en/groceries/home-of-the-lowest-prices/home-of-the-lowest-prices-detail/ps/p/lacura-skin-science-renew-expert-face-cream-50ml-1/", "product_description": "", "product_name": "Lacura Skin Science Renew Expert Face Cream 50ml", "image_link": "https://www.aldi.com.au/fileadmin/fm-dam/images/Stop_and_Smell_the_Savings/Range_Products/Update/ALN0376_STOP_AND_SMELL_SAVINGS_1x1_228x128_12.jpg", "product_price": "$9.99", "former_price": "", "page": "home-of-the-lowest-prices", "base_price": "$19.98 per 100ml"},
{"product_amount": "40pk", "product_link": "https://www.aldi.com.au/en/groceries/home-of-the-lowest-prices/home-of-the-lowest-prices-detail/ps/p/logix-dishwashing-tablets-40pk-1/", "product_description": "", "product_name": "Logix Dishwashing Tablets 40pk", "image_link": "https://www.aldi.com.au/fileadmin/fm-dam/images/Stop_and_Smell_the_Savings/Range_Products/Update/ALN0376_STOP_AND_SMELL_SAVINGS_1x1_228x128_15.jpg", "product_price": "$7.99", "former_price": "", "page": "home-of-the-lowest-prices", "base_price": "20c each"},
{"product_amount": "", "product_link": "https://www.aldi.com.au/en/groceries/home-of-the-lowest-prices/home-of-the-lowest-prices-detail/ps/p/milfina-rainbow-plat-a-pops-10pk700ml-1/", "product_description": "", "product_name": "Milfina Rainbow Plat-A-Pops 10pk/700ml", "image_link": "https://www.aldi.com.au/fileadmin/fm-dam/images/Stop_and_Smell_the_Savings/Range_Products/Update/ALN0376_STOP_AND_SMELL_SAVINGS_1x1_228x128_28.jpg", "product_price": "$3.99", "former_price": "$4.49", "page": "home-of-the-lowest-prices", "base_price": "57c per 100ml"},
{"product_amount": "12pk", "product_link": "https://www.aldi.com.au/en/groceries/home-of-the-lowest-prices/home-of-the-lowest-prices-detail/ps/p/northbrook-lightly-sparkling-mineral-water-12-x-50-1/", "product_description": "", "product_name": "Northbrook Lightly Sparkling Mineral Water 12 x 500ml", "image_link": "https://www.aldi.com.au/fileadmin/fm-dam/images/Stop_and_Smell_the_Savings/Range_Products/Update/ALN0388_1x1_228x128_2.jpg", "product_price": "$5.99", "former_price": "$6.69", "page": "home-of-the-lowest-prices", "base_price": "$1.00 per litre"},
{"product_amount": "", "product_link": "https://www.aldi.com.au/en/groceries/home-of-the-lowest-prices/home-of-the-lowest-prices-detail/ps/p/ocean-rise-yellowfin-chunk-tuna-425g-1/", "product_description": "", "product_name": "Ocean Rise Yellowfin Chunk Tuna 425g", "image_link": "https://www.aldi.com.au/fileadmin/fm-dam/images/Stop_and_Smell_the_Savings/Range_Products/ALN0470_1x1_SSTS_228x128_5_01.jpg", "product_price": "$3.69", "former_price": "$3.99", "page": "home-of-the-lowest-prices", "base_price": "$8.68 per kg"},
{"product_amount": "350g", "product_link": "https://www.aldi.com.au/en/groceries/home-of-the-lowest-prices/home-of-the-lowest-prices-detail/ps/p/oh-so-natural-black-chia-seeds-350g-2/", "product_description": "", "product_name": "Oh So Natural Black Chia Seeds 350g", "image_link": "https://www.aldi.com.au/fileadmin/fm-dam/images/Stop_and_Smell_the_Savings/Range_Products/Update/ALN0376_STOP_AND_SMELL_SAVINGS_1x1_228x128_8.jpg", "product_price": "$6.99", "former_price": "", "page": "home-of-the-lowest-prices", "base_price": "$2.00 per 100g"},
{"product_amount": "", "product_link": "https://www.aldi.com.au/en/groceries/home-of-the-lowest-prices/home-of-the-lowest-prices-detail/ps/p/oh-so-natural-cashews-1/", "product_description": "", "product_name": "Oh So Natural Cashews", "image_link": "https://www.aldi.com.au/fileadmin/fm-dam/images/Stop_and_Smell_the_Savings/Range_Products/ALN0470_1x1_SSTS_228x128_8.jpg", "product_price": "$4.49", "former_price": "", "page": "home-of-the-lowest-prices", "base_price": "$17.96 per kg"},
{"product_amount": "500g", "product_link": "https://www.aldi.com.au/en/groceries/home-of-the-lowest-prices/home-of-the-lowest-prices-detail/ps/p/oh-so-natural-quinoa-500g-2/", "product_description": "", "product_name": "Oh So Natural Quinoa 500g", "image_link": "https://www.aldi.com.au/fileadmin/fm-dam/images/Stop_and_Smell_the_Savings/Range_Products/Update/ALN0376_STOP_AND_SMELL_SAVINGS_1x1_228x128_10.jpg", "product_price": "$6.49", "former_price": "$6.99", "page": "home-of-the-lowest-prices", "base_price": "$1.30 per 100g"},
{"product_amount": "75ml", "product_link": "https://www.aldi.com.au/en/groceries/home-of-the-lowest-prices/home-of-the-lowest-prices-detail/ps/p/powerforce-toilet-gel-discs-75ml-1/", "product_description": "", "product_name": "Powerforce Toilet Gel Discs 75ml", "image_link": "https://www.aldi.com.au/fileadmin/fm-dam/images/Stop_and_Smell_the_Savings/Range_Products/Update/ALN0376_STOP_AND_SMELL_SAVINGS_1x1_228x128_16.jpg", "product_price": "$4.99", "former_price": "", "page": "home-of-the-lowest-prices", "base_price": "$6.65 per 100ml"},
{"product_amount": "", "product_link": "https://www.aldi.com.au/en/groceries/home-of-the-lowest-prices/home-of-the-lowest-prices-detail/ps/p/prince-calibre-6-razor-blade-system-2/", "product_description": "", "product_name": "Prince Calibre 6 Razor Blade System", "image_link": "https://www.aldi.com.au/fileadmin/fm-dam/images/Stop_and_Smell_the_Savings/Range_Products/Update/ALN0376_STOP_AND_SMELL_SAVINGS_1x1_228x128_11.jpg", "product_price": "$6.99", "former_price": "", "page": "home-of-the-lowest-prices", "base_price": ""},
{"product_amount": "55g", "product_link": "https://www.aldi.com.au/en/groceries/home-of-the-lowest-prices/home-of-the-lowest-prices-detail/ps/p/slim-and-trim-meal-replacement-shakes-55g-1/", "product_description": "", "product_name": "Slim and Trim Meal Replacement Shakes 55g", "image_link": "https://www.aldi.com.au/fileadmin/fm-dam/images/Stop_and_Smell_the_Savings/Range_Products/Update/ALN0376_STOP_AND_SMELL_SAVINGS_1x1_228x128_2.jpg", "product_price": "$1.99", "former_price": "", "page": "home-of-the-lowest-prices", "base_price": "$3.62 per 100g"},
{"product_amount": "4pk", "product_link": "https://www.aldi.com.au/en/groceries/home-of-the-lowest-prices/home-of-the-lowest-prices-detail/ps/p/specially-selected-brioche-burger-buns-4pk-200g-2/", "product_description": "", "product_name": "Specially Selected Brioche Burger Buns 4pk / 200g", "image_link": "https://www.aldi.com.au/fileadmin/fm-dam/images/Stop_and_Smell_the_Savings/Range_Products/Update/ALN0376_STOP_AND_SMELL_SAVINGS_1x1_228x128_5.jpg", "product_price": "$2.69", "former_price": "", "page": "home-of-the-lowest-prices", "base_price": "$1.35 per 100g"},
{"product_amount": "225g", "product_link": "https://www.aldi.com.au/en/groceries/home-of-the-lowest-prices/home-of-the-lowest-prices-detail/ps/p/stonemill-himalayan-grinders-225g-1/", "product_description": "", "product_name": "Stonemill Himalayan Grinders 225g", "image_link": "https://www.aldi.com.au/fileadmin/fm-dam/images/Stop_and_Smell_the_Savings/Range_Products/Update/ALN0376_STOP_AND_SMELL_SAVINGS_1x1_228x128_14.jpg", "product_price": "$3.99", "former_price": "", "page": "home-of-the-lowest-prices", "base_price": "22c/18c per 10g"},
{"product_amount": "", "product_link": "https://www.aldi.com.au/en/groceries/home-of-the-lowest-prices/home-of-the-lowest-prices-detail/ps/p/the-fresh-salad-co-baby-spinach-120g-3/", "product_description": "", "product_name": "The Fresh Salad Co Baby Spinach 120g", "image_link": "https://www.aldi.com.au/fileadmin/fm-dam/images/Stop_and_Smell_the_Savings/Range_Products/Update/ALN0708_1x1_WEB_UPDATES_228x128_2.jpg", "product_price": "$1.99", "former_price": "", "page": "home-of-the-lowest-prices", "base_price": "$16.58 per kg"},
{"product_amount": "", "product_link": "https://www.aldi.com.au/en/groceries/home-of-the-lowest-prices/home-of-the-lowest-prices-detail/ps/p/westacre-australian-tasty-slices-500g-1/", "product_description": "", "product_name": "Westacre Australian Tasty Slices 500g", "image_link": "https://www.aldi.com.au/fileadmin/fm-dam/images/Stop_and_Smell_the_Savings/Range_Products/Update/ALN0376_STOP_AND_SMELL_SAVINGS_1x1_228x128_29.jpg", "product_price": "$5.29", "former_price": "$5.49", "page": "home-of-the-lowest-prices", "base_price": "$10.58 per kg"},
{"product_amount": "", "product_link": "https://www.aldi.com.au/en/groceries/home-of-the-lowest-prices/home-of-the-lowest-prices-detail/ps/p/westacre-manhattan-cream-cheese-250g-1/", "product_description": "", "product_name": "Westacre Manhattan Cream Cheese 250g", "image_link": "https://www.aldi.com.au/fileadmin/fm-dam/images/Stop_and_Smell_the_Savings/Range_Products/Update/ALN0376_STOP_AND_SMELL_SAVINGS_1x1_228x128_30.jpg", "product_price": "$2.29", "former_price": "$2.49", "page": "home-of-the-lowest-prices", "base_price": "$9.16 per kg"},
{"product_amount": "8pk", "product_link": "https://www.aldi.com.au/en/groceries/home-of-the-lowest-prices/home-of-the-lowest-prices-detail/ps/p/bon-appetit-french-brioche-rolls-with-chooclate-ch/", "product_description": "", "product_name": "Bon Appetit! French Brioche Rolls with Chooclate Chips 8pk / 280g", "image_link": "https://www.aldi.com.au/fileadmin/fm-dam/Products/Groceries/Home_of_the_Lowest_Prices/2017/ALN0845_1x1_WK18_HOTLP_228x128_8.jpg", "product_price": "$2.99", "former_price": "", "page": "home-of-the-lowest-prices", "base_price": "$1.07 per 100g"},
{"product_amount": "ea", "product_link": "https://www.aldi.com.au/en/groceries/home-of-the-lowest-prices/home-of-the-lowest-prices-detail/ps/p/berg-deli-sopressa-salami-100g/", "product_description": "", "product_name": "Berg Deli Sopressa Salami 100g", "image_link": "https://www.aldi.com.au/fileadmin/fm-dam/Products/Groceries/Home_of_the_Lowest_Prices/2017/ALN0845_1x1_WK18_HOTLP_228x128_.jpg", "product_price": "$2.49", "former_price": "$2.99", "page": "home-of-the-lowest-prices", "base_price": "$24.90 per kg"},
{"product_amount": "1kg", "product_link": "https://www.aldi.com.au/en/groceries/home-of-the-lowest-prices/home-of-the-lowest-prices-detail/ps/p/dairy-dream-greek-style-vanilla-bean-yogurt-1kg/", "product_description": "", "product_name": "Dairy Dream Greek Style Vanilla Bean Yogurt 1kg", "image_link": "https://www.aldi.com.au/fileadmin/fm-dam/Products/Groceries/Home_of_the_Lowest_Prices/2017/ALN0845_1x1_WK18_HOTLP_228x128_4.jpg", "product_price": "$4.69", "former_price": "", "page": "home-of-the-lowest-prices", "base_price": "47c per 100g"},
{"product_amount": "2L", "product_link": "https://www.aldi.com.au/en/groceries/home-of-the-lowest-prices/home-of-the-lowest-prices-detail/ps/p/monarc-silver-scoop-cookies-cream-2l/", "product_description": "", "product_name": "Monarc Silver Scoop Cookies & Cream 2L", "image_link": "https://www.aldi.com.au/fileadmin/fm-dam/Products/Groceries/Home_of_the_Lowest_Prices/2017/ALN0845_1x1_WK18_HOTLP_228x128_5.jpg", "product_price": "$3.99", "former_price": "", "page": "home-of-the-lowest-prices", "base_price": "20c per 100ml"},
{"product_amount": "1L", "product_link": "https://www.aldi.com.au/en/groceries/home-of-the-lowest-prices/home-of-the-lowest-prices-detail/ps/p/juliet-shower-gel-1l/", "product_description": "", "product_name": "Juliet Shower Gel 1L", "image_link": "https://www.aldi.com.au/fileadmin/fm-dam/Products/Groceries/Home_of_the_Lowest_Prices/2017/ALN0845_1x1_WK18_HOTLP_228x128_7.jpg", "product_price": "$3.69", "former_price": "", "page": "home-of-the-lowest-prices", "base_price": "37c per 100ml"},
{"product_amount": "", "product_link": "", "product_description": "", "product_name": "", "image_link": "", "product_price": "", "former_price": "", "page": "coffee", "base_price": ""},
{"product_amount": "200g", "product_link": "https://www.aldi.com.au/en/groceries/home-of-the-lowest-prices/home-of-the-lowest-prices-detail/ps/p/berg-streaky-bacon/", "product_description": "", "product_name": "Berg Streaky Bacon", "image_link": "https://www.aldi.com.au/fileadmin/fm-dam/Products/Groceries/Home_of_the_Lowest_Prices/2017/ALN0845_1x1_WK18_HOTLP_228x128_2.jpg", "product_price": "$2.79", "former_price": "", "page": "home-of-the-lowest-prices", "base_price": "13.95 per kg"},
{"product_amount": "", "product_link": "https://www.aldi.com.au/en/groceries/home-of-the-lowest-prices/home-of-the-lowest-prices-detail/ps/p/di-san-oxy-laundry-soaker-in-wash-booster/", "product_description": "", "product_name": "Di-San Oxy Laundry Soaker & In-Wash Booster", "image_link": "https://www.aldi.com.au/fileadmin/fm-dam/Products/Groceries/Home_of_the_Lowest_Prices/2017/Meat_Taco_Reductions/ALN0781_HOTLP_MEAT_TACO_1x1_228x128_5.jpg", "product_price": "$3", "former_price": "$3.49", "page": "home-of-the-lowest-prices", "base_price": "$3.00 per kg"},
{"product_amount": "1L", "product_link": "https://www.aldi.com.au/en/groceries/home-of-the-lowest-prices/home-of-the-lowest-prices-detail/ps/p/inner-goodness-unsweetened-coconut-milk-1l/", "product_description": "", "product_name": "Inner Goodness Unsweetened Coconut Milk 1L", "image_link": "https://www.aldi.com.au/fileadmin/fm-dam/Products/Groceries/Home_of_the_Lowest_Prices/2017/ALN0571_COCONUT_MILK_1x1_228x128px.jpg", "product_price": "$2.19", "former_price": "", "page": "home-of-the-lowest-prices", "base_price": "$2.19 per litre"},
{"product_amount": "", "product_link": "https://www.aldi.com.au/en/groceries/coffee/coffee-detail/ps/p/expressi-multi-beverage-capsule-machine-titanium/", "product_description": "", "product_name": "EXPRESSI Multi Beverage Capsule Machine -Titanium", "image_link": "https://www.aldi.com.au/fileadmin/fm-dam/Products/Groceries/coffee/Expressi_New_Machine/ALC7500_1x1_228x128_R_.jpg", "product_price": "$79.99", "former_price": "", "page": "coffee", "base_price": ""},
{"product_amount": "", "product_link": "https://www.aldi.com.au/en/groceries/coffee/coffee-detail/ps/p/expressi-multi-beverage-capsule-machine-white/", "product_description": "", "product_name": "EXPRESSI Multi Beverage Capsule Machine - White", "image_link": "https://www.aldi.com.au/fileadmin/fm-dam/Products/Groceries/coffee/Expressi_New_Machine/ALC7500_1x1_228x128_R_2.jpg", "product_price": "$79.99", "former_price": "", "page": "coffee", "base_price": ""},
{"product_amount": "", "product_link": "https://www.aldi.com.au/en/groceries/coffee/coffee-detail/ps/p/expressi-milk-frother/", "product_description": "", "product_name": "EXPRESSI Milk Frother", "image_link": "https://www.aldi.com.au/fileadmin/fm-dam/Products/Groceries/coffee/ALC7235_1x1_228x128_9.jpg", "product_price": "$28.99", "former_price": "", "page": "coffee", "base_price": ""},
{"product_amount": "per kg", "product_link": "https://www.aldi.com.au/en/groceries/home-of-the-lowest-prices/home-of-the-lowest-prices-detail/ps/p/willowton-free-range-chicken-thigh-fillets/", "product_description": "", "product_name": "Willowton Free Range Chicken Thigh Fillets", "image_link": "https://www.aldi.com.au/fileadmin/fm-dam/Products/Groceries/Home_of_the_Lowest_Prices/2017/ALN0739_1x1_HOTLP_CHICKEN_AND_SEAFOOD_228x128_3.jpg", "product_price": "$12.99", "former_price": "$13.99", "page": "home-of-the-lowest-prices", "base_price": "$12.99 per kg"},
{"product_amount": "", "product_link": "", "product_description": "", "product_name": "", "image_link": "", "product_price": "", "former_price": "", "page": "coffee", "base_price": ""},
{"product_amount": "16pk", "product_link": "https://www.aldi.com.au/en/groceries/coffee/coffee-detail/ps/p/expressi-rwanda-single-origin-limited-edition/", "product_description": "", "product_name": "Expressi Rwanda Single Origin - Limited Edition", "image_link": "https://www.aldi.com.au/fileadmin/fm-dam/Products/Groceries/coffee/Expressi_Capsules/ALN0550_1x1_EXPRESSI_RWANDA_228x128.jpg", "product_price": "$5.99", "former_price": "", "page": "coffee", "base_price": "37c per capsule"},
{"product_amount": "16pk", "product_link": "https://www.aldi.com.au/en/groceries/coffee/coffee-detail/ps/p/expressi-calabrese/", "product_description": "", "product_name": "Expressi Calabrese", "image_link": "https://www.aldi.com.au/fileadmin/fm-dam/Products/Groceries/coffee/ALC7235_1x1_228x128_1.jpg", "product_price": "$5.99", "former_price": "", "page": "coffee", "base_price": "37c per capsule"},
{"product_amount": "per kg", "product_link": "https://www.aldi.com.au/en/groceries/home-of-the-lowest-prices/home-of-the-lowest-prices-detail/ps/p/willowton-free-range-chicken-drumsticks/", "product_description": "", "product_name": "Willowton Free Range Chicken Drumsticks", "image_link": "https://www.aldi.com.au/fileadmin/fm-dam/Products/Groceries/Home_of_the_Lowest_Prices/2017/ALN0739_1x1_HOTLP_CHICKEN_AND_SEAFOOD_228x128_4.jpg", "product_price": "$4.99", "former_price": "$5.99", "page": "home-of-the-lowest-prices", "base_price": "$4.99 per kg"},
{"product_amount": "1kg", "product_link": "https://www.aldi.com.au/en/groceries/home-of-the-lowest-prices/home-of-the-lowest-prices-detail/ps/p/ocean-royale-crumbed-fish-fillets-1kg/", "product_description": "", "product_name": "Ocean Royale Crumbed Fish Fillets 1kg", "image_link": "https://www.aldi.com.au/fileadmin/fm-dam/Products/Groceries/Home_of_the_Lowest_Prices/2017/ALN0739_1x1_HOTLP_CHICKEN_AND_SEAFOOD_228x128_1.jpg", "product_price": "$6.99", "former_price": "$7.49", "page": "home-of-the-lowest-prices", "base_price": "$6.99 per kg"},
{"product_amount": "1kg", "product_link": "https://www.aldi.com.au/en/groceries/home-of-the-lowest-prices/home-of-the-lowest-prices-detail/ps/p/ocean-royale-battered-fish-fillets-1kg/", "product_description": "", "product_name": "Ocean Royale Battered Fish Fillets 1kg", "image_link": "https://www.aldi.com.au/fileadmin/fm-dam/Products/Groceries/Home_of_the_Lowest_Prices/2017/ALN0739_1x1_HOTLP_CHICKEN_AND_SEAFOOD_228x128_2.jpg", "product_price": "$6.99", "former_price": "$7.49", "page": "home-of-the-lowest-prices", "base_price": "$6.99 per kg"},
{"product_amount": "16pk", "product_link": "https://www.aldi.com.au/en/groceries/coffee/coffee-detail/ps/p/expressi-abruzzo/", "product_description": "", "product_name": "Expressi Abruzzo", "image_link": "https://www.aldi.com.au/fileadmin/fm-dam/Products/Groceries/coffee/ALC7235_1x1_228x128_7.jpg", "product_price": "$5.99", "former_price": "", "page": "coffee", "base_price": "37c per capsule"},
{"product_amount": "16pk", "product_link": "https://www.aldi.com.au/en/groceries/coffee/coffee-detail/ps/p/expressi-la-spezia/", "product_description": "", "product_name": "Expressi La Spezia", "image_link": "https://www.aldi.com.au/fileadmin/fm-dam/Products/Groceries/coffee/ALC7235_1x1_228x128_6.jpg", "product_price": "$5.99", "former_price": "", "page": "coffee", "base_price": "37c per capsule"},
{"product_amount": "16pk", "product_link": "https://www.aldi.com.au/en/groceries/coffee/coffee-detail/ps/p/expressi-torino/", "product_description": "", "product_name": "Expressi Torino", "image_link": "https://www.aldi.com.au/fileadmin/fm-dam/Products/Groceries/coffee/ALC7235_1x1_228x128_5.jpg", "product_price": "$5.99", "former_price": "", "page": "coffee", "base_price": "37c per capsule"},
{"product_amount": "per kg", "product_link": "https://www.aldi.com.au/en/groceries/home-of-the-lowest-prices/home-of-the-lowest-prices-detail/ps/p/willowton-free-range-chicken-breast-fillets/", "product_description": "", "product_name": "Willowton Free Range Chicken Breast Fillets", "image_link": "https://www.aldi.com.au/fileadmin/fm-dam/Products/Groceries/Home_of_the_Lowest_Prices/2017/ALN0739_1x1_HOTLP_CHICKEN_AND_SEAFOOD_228x128_5.jpg", "product_price": "$12.99", "former_price": "$13.99", "page": "home-of-the-lowest-prices", "base_price": "$12.99 per kg"},
{"product_amount": "", "product_link": "https://www.aldi.com.au/en/groceries/home-of-the-lowest-prices/home-of-the-lowest-prices-detail/ps/p/farmwood-tempura-style-chicken-breast-nuggets-400g/", "product_description": "", "product_name": "Farmwood Tempura Style Chicken Breast Nuggets 400g", "image_link": "https://www.aldi.com.au/fileadmin/fm-dam/Products/Groceries/Home_of_the_Lowest_Prices/2017/Frozen_Meals/ALN0715_1x1_FROZEN-CHICKEN_228x128_1.jpg", "product_price": "$3.29", "former_price": "$3.59", "page": "home-of-the-lowest-prices", "base_price": "$8.23 per kg"},
{"product_amount": "", "product_link": "https://www.aldi.com.au/en/groceries/home-of-the-lowest-prices/home-of-the-lowest-prices-detail/ps/p/farmwood-sweet-chilli-chicken-breast-tenders-400g/", "product_description": "", "product_name": "Farmwood Sweet Chilli Chicken Breast Tenders 400g", "image_link": "https://www.aldi.com.au/fileadmin/fm-dam/Products/Groceries/Home_of_the_Lowest_Prices/2017/Frozen_Meals/ALN0715_1x1_FROZEN-CHICKEN_228x128_2.jpg", "product_price": "$3.49", "former_price": "$3.99", "page": "home-of-the-lowest-prices", "base_price": "$8.73 per kg"},
{"product_amount": "16pk", "product_link": "https://www.aldi.com.au/en/groceries/coffee/coffee-detail/ps/p/expressi-milano/", "product_description": "", "product_name": "Expressi Milano", "image_link": "https://www.aldi.com.au/fileadmin/fm-dam/Products/Groceries/coffee/ALC7235_1x1_228x128_4.jpg", "product_price": "$5.99", "former_price": "", "page": "coffee", "base_price": "37c per capsule"},
{"product_amount": "16pk", "product_link": "https://www.aldi.com.au/en/groceries/coffee/coffee-detail/ps/p/expressi-reggio/", "product_description": "", "product_name": "Expressi Reggio", "image_link": "https://www.aldi.com.au/fileadmin/fm-dam/Products/Groceries/coffee/ALC7235_1x1_228x128_3.jpg", "product_price": "$5.99", "former_price": "", "page": "coffee", "base_price": "37c per capsule"},
{"product_amount": "16pk", "product_link": "https://www.aldi.com.au/en/groceries/coffee/coffee-detail/ps/p/expressi-renzo/", "product_description": "", "product_name": "Expressi Renzo", "image_link": "https://www.aldi.com.au/fileadmin/fm-dam/Products/Groceries/coffee/ALC7235_1x1_228x128_2.jpg", "product_price": "$5.99", "former_price": "", "page": "coffee", "base_price": "37c per capsule"},
{"product_amount": "", "product_link": "https://www.aldi.com.au/en/groceries/home-of-the-lowest-prices/home-of-the-lowest-prices-detail/ps/p/farmwood-chicken-breast-tenders-400g/", "product_description": "", "product_name": "Farmwood Chicken Breast Tenders 400g", "image_link": "https://www.aldi.com.au/fileadmin/fm-dam/Products/Groceries/Home_of_the_Lowest_Prices/2017/Frozen_Meals/ALN0715_1x1_FROZEN-CHICKEN_228x128_3_01.jpg", "product_price": "$3.49", "former_price": "$3.69", "page": "home-of-the-lowest-prices", "base_price": "$8.73 per kg"},
{"product_amount": "3pk", "product_link": "https://www.aldi.com.au/en/groceries/home-of-the-lowest-prices/home-of-the-lowest-prices-detail/ps/p/bakers-life-croissants-3pk/", "product_description": "", "product_name": "Bakers Life Croissants 3pk", "image_link": "https://www.aldi.com.au/fileadmin/fm-dam/images/Stop_and_Smell_the_Savings/Range_Products/Update/ALN0708_1x1_WEB_UPDATES_228x128_.jpg", "product_price": "$1.99", "former_price": "$2.49", "page": "home-of-the-lowest-prices", "base_price": "66c per 100g"},
{"product_amount": "", "product_link": "https://www.aldi.com.au/en/groceries/home-of-the-lowest-prices/home-of-the-lowest-prices-detail/ps/p/international-cuisine-spaghetti-bolognese-375g-1/", "product_description": "", "product_name": "International Cuisine Spaghetti Bolognese 375g", "image_link": "https://www.aldi.com.au/fileadmin/fm-dam/Products/Groceries/Home_of_the_Lowest_Prices/2017/Frozen_Meals/ALN0698_1x1_WK12_FROZEN_FOODS_228x128_7.jpg", "product_price": "$2.79", "former_price": "$3.29", "page": "home-of-the-lowest-prices", "base_price": "74c per 100g"},
{"product_amount": "", "product_link": "https://www.aldi.com.au/en/groceries/home-of-the-lowest-prices/home-of-the-lowest-prices-detail/ps/p/international-cuisine-butter-chicken-375g/", "product_description": "", "product_name": "International Cuisine Butter Chicken 375g", "image_link": "https://www.aldi.com.au/fileadmin/fm-dam/Products/Groceries/Home_of_the_Lowest_Prices/2017/Frozen_Meals/ALN0698_1x1_WK12_FROZEN_FOODS_228x128_8.jpg", "product_price": "$2.79", "former_price": "$3.29", "page": "home-of-the-lowest-prices", "base_price": "74c per 100g"},
{"product_amount": "16pk", "product_link": "https://www.aldi.com.au/en/groceries/coffee/coffee-detail/ps/p/expressi-decaffi/", "product_description": "", "product_name": "Expressi Decaffi", "image_link": "https://www.aldi.com.au/fileadmin/fm-dam/Products/Groceries/coffee/Updated_Packaging/ALC7235_1x1_228x128_Update_3.jpg", "product_price": "$5.99", "former_price": "", "page": "coffee", "base_price": "37c per capsule"},
{"product_amount": "16pk", "product_link": "https://www.aldi.com.au/en/groceries/coffee/coffee-detail/ps/p/expressi-valletta/", "product_description": "", "product_name": "Expressi Valletta", "image_link": "https://www.aldi.com.au/fileadmin/fm-dam/Products/Groceries/coffee/Updated_Packaging/ALC7235_1x1_228x128_Update_2.jpg", "product_price": "$5.99", "former_price": "", "page": "coffee", "base_price": "37c per capsule"},
{"product_amount": "16pk", "product_link": "https://www.aldi.com.au/en/groceries/coffee/coffee-detail/ps/p/expressi-tauro/", "product_description": "", "product_name": "Expressi Tauro", "image_link": "https://www.aldi.com.au/fileadmin/fm-dam/Products/Groceries/coffee/Updated_Packaging/ALC7235_1x1_228x128_Update_1.jpg", "product_price": "$5.99", "former_price": "", "page": "coffee", "base_price": "37c per capsule"},
{"product_amount": "", "product_link": "https://www.aldi.com.au/en/groceries/home-of-the-lowest-prices/home-of-the-lowest-prices-detail/ps/p/health-vitality-tuna-mornay-400g/", "product_description": "", "product_name": "Health & Vitality Tuna Mornay 400g", "image_link": "https://www.aldi.com.au/fileadmin/fm-dam/Products/Groceries/Home_of_the_Lowest_Prices/2017/Frozen_Meals/ALN0698_1x1_WK12_FROZEN_FOODS_228x128_.jpg", "product_price": "$2.99", "former_price": "$3.49", "page": "home-of-the-lowest-prices", "base_price": "75c per 100g"},
{"product_amount": "", "product_link": "https://www.aldi.com.au/en/groceries/home-of-the-lowest-prices/home-of-the-lowest-prices-detail/ps/p/health-vitality-satay-chicken-300g/", "product_description": "", "product_name": "Health & Vitality Satay Chicken 300g", "image_link": "https://www.aldi.com.au/fileadmin/fm-dam/Products/Groceries/Home_of_the_Lowest_Prices/2017/Frozen_Meals/ALN0698_1x1_WK12_FROZEN_FOODS_228x128_2.jpg", "product_price": "$2.99", "former_price": "$3.49", "page": "home-of-the-lowest-prices", "base_price": "$1.00 per 100g"},
{"product_amount": "16pk", "product_link": "https://www.aldi.com.au/en/groceries/coffee/coffee-detail/ps/p/expressi-perugia/", "product_description": "", "product_name": "Expressi Perugia", "image_link": "https://www.aldi.com.au/fileadmin/_processed_/6/8/csm_ALC7256_1x1_128x228_3_2d50618a75.jpg", "product_price": "$5.99", "former_price": "", "page": "coffee", "base_price": "37c per capsule"},
{"product_amount": "", "product_link": "", "product_description": "", "product_name": "", "image_link": "", "product_price": "", "former_price": "", "page": "coffee", "base_price": ""},
{"product_amount": "16pk", "product_link": "https://www.aldi.com.au/en/groceries/coffee/coffee-detail/ps/p/expressi-caramel-hot-chocolate-limited-edition/", "product_description": "", "product_name": "Expressi Caramel Hot Chocolate \u2013 Limited Edition", "image_link": "https://www.aldi.com.au/fileadmin/fm-dam/Products/Groceries/coffee/Expressi_Capsules/ALN0914_1x1_CARAMEL228x128_.jpg", "product_price": "$5.99", "former_price": "", "page": "coffee", "base_price": "37c per capsule"},
{"product_amount": "", "product_link": "https://www.aldi.com.au/en/groceries/home-of-the-lowest-prices/home-of-the-lowest-prices-detail/ps/p/health-vitality-vegetable-lasagne-400g/", "product_description": "", "product_name": "Health & Vitality Vegetable Lasagne 400g", "image_link": "https://www.aldi.com.au/fileadmin/fm-dam/Products/Groceries/Home_of_the_Lowest_Prices/2017/Frozen_Meals/ALN0698_1x1_WK12_FROZEN_FOODS_228x128_3.jpg", "product_price": "$2.99", "former_price": "$3.49", "page": "home-of-the-lowest-prices", "base_price": "75c per 100g"},
{"product_amount": "", "product_link": "https://www.aldi.com.au/en/groceries/home-of-the-lowest-prices/home-of-the-lowest-prices-detail/ps/p/health-vitality-green-chicken-curry-320g/", "product_description": "", "product_name": "Health & Vitality Green Chicken Curry 320g", "image_link": "https://www.aldi.com.au/fileadmin/fm-dam/Products/Groceries/Home_of_the_Lowest_Prices/2017/Frozen_Meals/ALN0698_1x1_WK12_FROZEN_FOODS_228x128_6.jpg", "product_price": "$2.99", "former_price": "$3.49", "page": "home-of-the-lowest-prices", "base_price": "94c per 100g"},
{"product_amount": "", "product_link": "https://www.aldi.com.au/en/groceries/home-of-the-lowest-prices/home-of-the-lowest-prices-detail/ps/p/health-vitality-sundried-tomato-chicken-and-pasta/", "product_description": "", "product_name": "Health & Vitality Sundried Tomato Chicken and Pasta 370g", "image_link": "https://www.aldi.com.au/fileadmin/fm-dam/Products/Groceries/Home_of_the_Lowest_Prices/2017/Frozen_Meals/ALN0698_1x1_WK12_FROZEN_FOODS_228x128_4.jpg", "product_price": "$2.99", "former_price": "$3.49", "page": "home-of-the-lowest-prices", "base_price": "81c per 100g"},
{"product_amount": "16pk", "product_link": "https://www.aldi.com.au/en/groceries/coffee/coffee-detail/ps/p/expressi-chai-latte/", "product_description": "", "product_name": "Expressi Chai Latte", "image_link": "https://www.aldi.com.au/fileadmin/_processed_/d/0/csm_ALC7256_1x1_128x228_1_fb78441fdc.jpg", "product_price": "$5.99", "former_price": "", "page": "coffee", "base_price": "37c per capsule"},
{"product_amount": "16pk", "product_link": "https://www.aldi.com.au/en/groceries/coffee/coffee-detail/ps/p/expressi-rich-hot-chocolate/", "product_description": "", "product_name": "Expressi Rich Hot Chocolate", "image_link": "https://www.aldi.com.au/fileadmin/_processed_/4/8/csm_ALC7256_1x1_128x228_2_19aa434a14.jpg", "product_price": "$5.99", "former_price": "", "page": "coffee", "base_price": "37c per capsule"},
{"product_amount": "ea", "product_link": "https://www.aldi.com.au/en/groceries/chocolate/chocolate-detail/ps/p/choceur-white-crisp-chocolate-block-200g/", "product_description": "", "product_name": "Choceur White Crisp Chocolate Block 200g", "image_link": "https://www.aldi.com.au/fileadmin/fm-dam/Products/Groceries/Home_of_the_Lowest_Prices/2017/ALN0845_1x1_WK18_HOTLP_228x128_6.jpg", "product_price": "$2.69", "former_price": "", "page": "chocolate", "base_price": "$1.35 per 100g"},
{"product_amount": "", "product_link": "https://www.aldi.com.au/en/groceries/home-of-the-lowest-prices/home-of-the-lowest-prices-detail/ps/p/health-vitality-beef-stroganoff-280g/", "product_description": "", "product_name": "Health & Vitality Beef Stroganoff 280g", "image_link": "https://www.aldi.com.au/fileadmin/fm-dam/Products/Groceries/Home_of_the_Lowest_Prices/2017/Frozen_Meals/ALN0698_1x1_WK12_FROZEN_FOODS_228x128_5.jpg", "product_price": "$2.99", "former_price": "$3.49", "page": "home-of-the-lowest-prices", "base_price": "$1.07 per 100g"},
{"product_amount": "", "product_link": "https://www.aldi.com.au/en/groceries/home-of-the-lowest-prices/home-of-the-lowest-prices-detail/ps/p/cowbelle-shredded-cheese-700g/", "product_description": "", "product_name": "Cowbelle Shredded Cheese 700g", "image_link": "https://www.aldi.com.au/fileadmin/fm-dam/Products/Groceries/Home_of_the_Lowest_Prices/2017/ALN0707_1x1_TASTY_228x128.jpg", "product_price": "$4.49", "former_price": "$4.79", "page": "home-of-the-lowest-prices", "base_price": "$6.40 per kg"},
{"product_amount": "1.25L", "product_link": "https://www.aldi.com.au/en/groceries/home-of-the-lowest-prices/home-of-the-lowest-prices-detail/ps/p/regal-orange-soft-drink-125l/", "product_description": "", "product_name": "Regal Orange Soft Drink 1.25L", "image_link": "https://www.aldi.com.au/fileadmin/fm-dam/Products/Groceries/Home_of_the_Lowest_Prices/2017/Summer_Seasonal_Foods/ALN0632_HOTLP_SUMMER_SEASONAL_FOODS_1x1_228x128_.jpg", "product_price": "69", "former_price": "", "page": "home-of-the-lowest-prices", "base_price": "55c per litre"},
{"product_amount": "ea", "product_link": "https://www.aldi.com.au/en/groceries/chocolate/chocolate-detail/ps/p/hazelnut-block-chocolate-200g/", "product_description": "", "product_name": "Choceur Hazelnut Block Chocolate 200g", "image_link": "https://www.aldi.com.au/fileadmin/fm-dam/Products/Groceries/chocolate/2016_Chocolate_Products/ALC7929_Choceur_Range_1x1_228x128_3.jpg", "product_price": "$2.69", "former_price": "", "page": "chocolate", "base_price": "$1.35 per 100g"},
{"product_amount": "ea", "product_link": "https://www.aldi.com.au/en/groceries/chocolate/chocolate-detail/ps/p/dark-hazelnut-block-chocolate-200g/", "product_description": "", "product_name": "Choceur Dark Hazelnut Block Chocolate 200g", "image_link": "https://www.aldi.com.au/fileadmin/fm-dam/Products/Groceries/chocolate/2016_Chocolate_Products/ALC7929_Choceur_Range_1x1_228x128_2.jpg", "product_price": "$2.69", "former_price": "", "page": "chocolate", "base_price": "$1.35 per 100g"},
{"product_amount": "ea", "product_link": "https://www.aldi.com.au/en/groceries/chocolate/chocolate-detail/ps/p/fruit-nut-block-chocolate-200g/", "product_description": "", "product_name": "Choceur Fruit & Nut Block Chocolate 200g", "image_link": "https://www.aldi.com.au/fileadmin/fm-dam/Products/Groceries/chocolate/2016_Chocolate_Products/ALC7929_Choceur_Range_1x1_228x128_4.jpg", "product_price": "$2.69", "former_price": "", "page": "chocolate", "base_price": "$1.35 per 100g"},
{"product_amount": "ea", "product_link": "https://www.aldi.com.au/en/groceries/chocolate/chocolate-detail/ps/p/white-block-chocolate-200g/", "product_description": "", "product_name": "Choceur White Block Chocolate 200g", "image_link": "https://www.aldi.com.au/fileadmin/fm-dam/Products/Groceries/chocolate/2016_Chocolate_Products/ALC7929_Choceur_Range_1x1_228x128_7.jpg", "product_price": "$2.69", "former_price": "", "page": "chocolate", "base_price": "$1.35 per 100g"},
{"product_amount": "1.25L", "product_link": "https://www.aldi.com.au/en/groceries/home-of-the-lowest-prices/home-of-the-lowest-prices-detail/ps/p/regal-cola-soft-drink-125l/", "product_description": "", "product_name": "Regal Cola Soft Drink 1.25L", "image_link": "https://www.aldi.com.au/fileadmin/fm-dam/Products/Groceries/Home_of_the_Lowest_Prices/2017/Summer_Seasonal_Foods/ALN0632_HOTLP_SUMMER_SEASONAL_FOODS_1x1_228x128_2.jpg", "product_price": "69", "former_price": "", "page": "home-of-the-lowest-prices", "base_price": "55c per litre"},
{"product_amount": "1.25L", "product_link": "https://www.aldi.com.au/en/groceries/home-of-the-lowest-prices/home-of-the-lowest-prices-detail/ps/p/fizzi-lemonade-125l-2/", "product_description": "", "product_name": "Fizzi Lemonade 1.25L", "image_link": "https://www.aldi.com.au/fileadmin/fm-dam/images/The_Block/Fuelling_the_Block_2016/ALC7893_THE-BLOCK-1x1_228x128_4.jpg", "product_price": "69", "former_price": "", "page": "home-of-the-lowest-prices", "base_price": "55c per Litre"},
{"product_amount": "6pk", "product_link": "https://www.aldi.com.au/en/groceries/home-of-the-lowest-prices/home-of-the-lowest-prices-detail/ps/p/specially-selected-brioche-hot-dog-rolls-6pk-270g/", "product_description": "", "product_name": "Specially Selected Brioche Hot Dog Rolls 6pk / 270g", "image_link": "https://www.aldi.com.au/fileadmin/fm-dam/Products/Groceries/Home_of_the_Lowest_Prices/2017/Summer_Seasonal_Foods/ALN0632_HOTLP_SUMMER_SEASONAL_FOODS_1x1_228x128_4.jpg", "product_price": "$2.69", "former_price": "", "page": "home-of-the-lowest-prices", "base_price": "$1.00 per 100g"},
{"product_amount": "ea", "product_link": "https://www.aldi.com.au/en/groceries/chocolate/chocolate-detail/ps/p/white-chocolate-with-coconut-block-chocolate-200g/", "product_description": "", "product_name": "Choceur White Chocolate with Coconut Block Chocolate 200g", "image_link": "https://www.aldi.com.au/fileadmin/fm-dam/Products/Groceries/chocolate/2016_Chocolate_Products/ALC7929_Choceur_Range_1x1_228x128_8.jpg", "product_price": "$2.69", "former_price": "", "page": "chocolate", "base_price": "$1.35 per 100g"},
{"product_amount": "ea", "product_link": "https://www.aldi.com.au/en/groceries/chocolate/chocolate-detail/ps/p/rum-raisin-nut-block-chocolate-200g/", "product_description": "", "product_name": "Rum Raisin & Nut Block Chocolate 200g", "image_link": "https://www.aldi.com.au/fileadmin/fm-dam/Products/Groceries/chocolate/2016_Chocolate_Products/ALC7929_Choceur_Range_1x1_228x128_5.jpg", "product_price": "$2.49", "former_price": "", "page": "chocolate", "base_price": "$1.25 per 100g"},
{"product_amount": "ea", "product_link": "https://www.aldi.com.au/en/groceries/chocolate/chocolate-detail/ps/p/milk-block-chocolate-200g/", "product_description": "", "product_name": "Choceur Milk Block Chocolate 200g", "image_link": "https://www.aldi.com.au/fileadmin/fm-dam/Products/Groceries/chocolate/2016_Chocolate_Products/ALC7929_Choceur_Range_1x1_228x128_16.jpg", "product_price": "$2.69", "former_price": "", "page": "chocolate", "base_price": "$1.35 per 100g"},
{"product_amount": "ea", "product_link": "https://www.aldi.com.au/en/groceries/chocolate/chocolate-detail/ps/p/dark-block-chocolate-200g/", "product_description": "", "product_name": "Choceur Dark Block Chocolate 200g", "image_link": "https://www.aldi.com.au/fileadmin/fm-dam/Products/Groceries/chocolate/2016_Chocolate_Products/ALC7929_Choceur_Range_1x1_228x128_15.jpg", "product_price": "$2.69", "former_price": "", "page": "chocolate", "base_price": "1.35 per 100g"},
{"product_amount": "520g", "product_link": "https://www.aldi.com.au/en/groceries/home-of-the-lowest-prices/home-of-the-lowest-prices-detail/ps/p/the-fresh-salad-co-crunchy-salad-kit-520g/", "product_description": "", "product_name": "The Fresh Salad Co. Crunchy Salad Kit 520g", "image_link": "https://www.aldi.com.au/fileadmin/fm-dam/Products/Groceries/Home_of_the_Lowest_Prices/2017/Summer_Seasonal_Foods/ALN0632_HOTLP_SUMMER_SEASONAL_FOODS_1x1_228x128_5.jpg", "product_price": "$3.49", "former_price": "", "page": "home-of-the-lowest-prices", "base_price": "$6.71 per kg"},
{"product_amount": "290g", "product_link": "https://www.aldi.com.au/en/groceries/home-of-the-lowest-prices/home-of-the-lowest-prices-detail/ps/p/the-fresh-salad-co-caesar-salad-kit-290g/", "product_description": "", "product_name": "The Fresh Salad Co. Caesar Salad Kit 290g", "image_link": "https://www.aldi.com.au/fileadmin/fm-dam/Products/Groceries/Home_of_the_Lowest_Prices/2017/Summer_Seasonal_Foods/ALN0632_HOTLP_SUMMER_SEASONAL_FOODS_1x1_228x128_6.jpg", "product_price": "$3.99", "former_price": "", "page": "home-of-the-lowest-prices", "base_price": "$13.76 per kg"},
{"product_amount": "ea", "product_link": "https://www.aldi.com.au/en/groceries/chocolate/chocolate-detail/ps/p/almond-block-chocolate-200g/", "product_description": "", "product_name": "Choceur Almond Block Chocolate 200g", "image_link": "https://www.aldi.com.au/fileadmin/fm-dam/Products/Groceries/chocolate/2016_Chocolate_Products/ALC7929_Choceur_Range_1x1_228x128_.jpg", "product_price": "$2.69", "former_price": "", "page": "chocolate", "base_price": "$1.35 per 100g"},
{"product_amount": "ea", "product_link": "https://www.aldi.com.au/en/groceries/chocolate/chocolate-detail/ps/p/marzipan-bar-100g/", "product_description": "", "product_name": "Marzipan Bar 100g", "image_link": "https://www.aldi.com.au/fileadmin/_processed_/9/f/csm_ALC5208_Choceur_Marzipan_Bar_1X1_Typo3_1f3aabf47e.jpg", "product_price": "$1.99", "former_price": "", "page": "chocolate", "base_price": "$1.99 per 100g"},
{"product_amount": "", "product_link": "https://www.aldi.com.au/en/groceries/home-of-the-lowest-prices/home-of-the-lowest-prices-detail/ps/p/inner-goodness-almond-milk-unsweetened-1l/", "product_description": "", "product_name": "Inner Goodness Almond Milk - Unsweetened 1L", "image_link": "https://www.aldi.com.au/fileadmin/fm-dam/Products/Groceries/Home_of_the_Lowest_Prices/Products/15_03_16/ALC77685_HOTLP_MILK_1x1_228x128_2.jpg", "product_price": "$2.19", "former_price": "$2.29", "page": "home-of-the-lowest-prices", "base_price": "$2.19 per litre"},
{"product_amount": "", "product_link": "https://www.aldi.com.au/en/groceries/home-of-the-lowest-prices/home-of-the-lowest-prices-detail/ps/p/brannans-butchery-thin-sausages-500g/", "product_description": "", "product_name": "Brannans Butchery Thin Sausages 500g", "image_link": "https://www.aldi.com.au/fileadmin/fm-dam/Products/Groceries/Home_of_the_Lowest_Prices/2016/ALN0471_1x1_HOTLP_228x128_7.jpg", "product_price": "$2.99", "former_price": "", "page": "home-of-the-lowest-prices", "base_price": "$5.98 per kg"},
{"product_amount": "5pk", "product_link": "https://www.aldi.com.au/en/groceries/chocolate/chocolate-detail/ps/p/milk-mini-chocolate-bars-5-x-40g/", "product_description": "", "product_name": "Milk Mini Chocolate Bars 5 x 40g", "image_link": "https://www.aldi.com.au/fileadmin/fm-dam/Products/Groceries/chocolate/2016_Chocolate_Products/ALC7929_Choceur_Range_1x1_228x128_9.jpg", "product_price": "$2.99", "former_price": "", "page": "chocolate", "base_price": "$1.50 per 100g"},
{"product_amount": "5pk", "product_link": "https://www.aldi.com.au/en/groceries/chocolate/chocolate-detail/ps/p/dark-mini-chocolate-bars-5-x-40g/", "product_description": "", "product_name": "Dark Mini Chocolate Bars 5 x 40g", "image_link": "https://www.aldi.com.au/fileadmin/fm-dam/Products/Groceries/chocolate/2016_Chocolate_Products/ALC7929_Choceur_Range_1x1_228x128_10.jpg", "product_price": "$2.99", "former_price": "", "page": "chocolate", "base_price": "$1.50 per 100g"},
{"product_amount": "5pk", "product_link": "https://www.aldi.com.au/en/groceries/chocolate/chocolate-detail/ps/p/white-mini-chocolate-bars-5-x-40g/", "product_description": "", "product_name": "White Mini Chocolate Bars 5 x 40g", "image_link": "https://www.aldi.com.au/fileadmin/fm-dam/Products/Groceries/chocolate/2016_Chocolate_Products/ALC7929_Choceur_Range_1x1_228x128_11.jpg", "product_price": "$2.99", "former_price": "", "page": "chocolate", "base_price": "$1.50 per 100g"},
{"product_amount": "", "product_link": "https://www.aldi.com.au/en/groceries/home-of-the-lowest-prices/home-of-the-lowest-prices-detail/ps/p/killarnee-lamb-bbq-chops-per-kg/", "product_description": "", "product_name": "Killarnee Lamb BBQ Chops per kg", "image_link": "https://www.aldi.com.au/fileadmin/fm-dam/Products/Groceries/Home_of_the_Lowest_Prices/2016/ALN0471_1x1_HOTLP_228x128_8.jpg", "product_price": "$10.99", "former_price": "", "page": "home-of-the-lowest-prices", "base_price": "$10.99 per kg"},
{"product_amount": "ea", "product_link": "https://www.aldi.com.au/en/groceries/home-of-the-lowest-prices/home-of-the-lowest-prices-detail/ps/p/the-fresh-pasta-co-prepared-potato-egg-salad-750g/", "product_description": "", "product_name": "The Fresh Pasta Co. Prepared Potato & Egg Salad 750g", "image_link": "https://www.aldi.com.au/fileadmin/fm-dam/Products/Groceries/Home_of_the_Lowest_Prices/2016/ALN0471_1x1_HOTLP_228x128_11.jpg", "product_price": "$4.99", "former_price": "", "page": "home-of-the-lowest-prices", "base_price": "$6.65 per kg"},
{"product_amount": "ea", "product_link": "https://www.aldi.com.au/en/groceries/home-of-the-lowest-prices/home-of-the-lowest-prices-detail/ps/p/the-fresh-pasta-co-prepared-coleslaw-salad-750g/", "product_description": "", "product_name": "The Fresh Pasta Co. Prepared Coleslaw Salad 750g", "image_link": "https://www.aldi.com.au/fileadmin/fm-dam/Products/Groceries/Home_of_the_Lowest_Prices/2016/ALN0471_1x1_HOTLP_228x128_10.jpg", "product_price": "$4.99", "former_price": "", "page": "home-of-the-lowest-prices", "base_price": "$6.65 per kg"},
{"product_amount": "5pk", "product_link": "https://www.aldi.com.au/en/groceries/chocolate/chocolate-detail/ps/p/hazelnut-mini-chocolate-bars-5-x-40g/", "product_description": "", "product_name": "Hazelnut Mini Chocolate Bars 5 x 40g", "image_link": "https://www.aldi.com.au/fileadmin/fm-dam/Products/Groceries/chocolate/2016_Chocolate_Products/ALC7929_Choceur_Range_1x1_228x128_14.jpg", "product_price": "$2.99", "former_price": "", "page": "chocolate", "base_price": "$1.50 per 100g"},
{"product_amount": "5pk", "product_link": "https://www.aldi.com.au/en/groceries/chocolate/chocolate-detail/ps/p/marzipan-mini-chocolate-bars-5-x-40g/", "product_description": "", "product_name": "Marzipan Mini Chocolate Bars 5 x 40g", "image_link": "https://www.aldi.com.au/fileadmin/fm-dam/Products/Groceries/chocolate/2016_Chocolate_Products/ALC7929_Choceur_Range_1x1_228x128_13.jpg", "product_price": "$2.99", "former_price": "", "page": "chocolate", "base_price": "$1.50 per 100g"},
{"product_amount": "5pk", "product_link": "https://www.aldi.com.au/en/groceries/chocolate/chocolate-detail/ps/p/white-crisp-mini-chocolate-bars-5-x-40g/", "product_description": "", "product_name": "White Crisp Mini Chocolate Bars 5 x 40g", "image_link": "https://www.aldi.com.au/fileadmin/fm-dam/Products/Groceries/chocolate/2016_Chocolate_Products/ALC7929_Choceur_Range_1x1_228x128_12.jpg", "product_price": "$2.99", "former_price": "", "page": "chocolate", "base_price": "$1.50 per 100g"},
{"product_amount": "ea", "product_link": "https://www.aldi.com.au/en/groceries/home-of-the-lowest-prices/home-of-the-lowest-prices-detail/ps/p/the-fresh-pasta-co-prepared-pasta-salad-750g/", "product_description": "", "product_name": "The Fresh Pasta Co. Prepared Pasta Salad 750g", "image_link": "https://www.aldi.com.au/fileadmin/fm-dam/Products/Groceries/Home_of_the_Lowest_Prices/2016/ALN0471_1x1_HOTLP_228x128_12.jpg", "product_price": "$4.99", "former_price": "", "page": "home-of-the-lowest-prices", "base_price": "$6.65 per kg"},
{"product_amount": "", "product_link": "https://www.aldi.com.au/en/groceries/home-of-the-lowest-prices/home-of-the-lowest-prices-detail/ps/p/colway-tomato-sauce-500ml-1/", "product_description": "", "product_name": "Colway Tomato Sauce 500ml", "image_link": "https://www.aldi.com.au/fileadmin/fm-dam/Products/Groceries/Home_of_the_Lowest_Prices/2016/ALC7922_Switch_1x1_228x128_3.jpg", "product_price": "$1.39", "former_price": "", "page": "home-of-the-lowest-prices", "base_price": "28c per 100ml"},
{"product_amount": "", "product_link": "https://www.aldi.com.au/en/groceries/home-of-the-lowest-prices/home-of-the-lowest-prices-detail/ps/p/colway-bbq-sauce-500ml/", "product_description": "", "product_name": "Colway BBQ Sauce 500ml", "image_link": "https://www.aldi.com.au/fileadmin/fm-dam/Products/Groceries/Home_of_the_Lowest_Prices/2016/ALN0455_HOTLP_PRODUCT_ADDITIONS_1x1_4.jpg", "product_price": "$1.39", "former_price": "", "page": "home-of-the-lowest-prices", "base_price": "28c per 100ml"},
{"product_amount": "ea", "product_link": "https://www.aldi.com.au/en/groceries/chocolate/chocolate-detail/ps/p/milk-chocolate-block-300g/", "product_description": "", "product_name": "Milk Chocolate Block 300g", "image_link": "https://www.aldi.com.au/fileadmin/_processed_/1/9/csm_ALC5208_Choceur_Milk_Block_1X1_Typo3_f87a4b85bf.jpg", "product_price": "$3.49", "former_price": "", "page": "chocolate", "base_price": "$1.16 per 100g"},
{"product_amount": "ea", "product_link": "https://www.aldi.com.au/en/groceries/chocolate/chocolate-detail/ps/p/almond-chocolate-block-300g/", "product_description": "", "product_name": "Almond Chocolate Block 300g", "image_link": "https://www.aldi.com.au/fileadmin/_processed_/3/b/csm_ALC5208_Choceur_Almond_Block_1X1_Typo3_027a1025e4.jpg", "product_price": "$3.49", "former_price": "", "page": "chocolate", "base_price": "$1.16 per 100g"},
{"product_amount": "per kg", "product_link": "https://www.aldi.com.au/en/groceries/home-of-the-lowest-prices/home-of-the-lowest-prices-detail/ps/p/jindurra-station-beef-mince-3-star-bulk-pack-per-k/", "product_description": "", "product_name": "Jindurra Station Beef Mince 3 Star Bulk Pack per kg", "image_link": "https://www.aldi.com.au/fileadmin/fm-dam/Products/Groceries/Home_of_the_Lowest_Prices/2016/ALC7946_July_Website_Meat_1x1_228x128_5.jpg", "product_price": "$6.99", "former_price": "$7.99", "page": "home-of-the-lowest-prices", "base_price": "$6.99 per kg"},
{"product_amount": "", "product_link": "https://www.aldi.com.au/en/groceries/home-of-the-lowest-prices/home-of-the-lowest-prices-detail/ps/p/the-fresh-salad-co-kaleslaw-salad-kit-400g/", "product_description": "", "product_name": "The Fresh Salad Co Kaleslaw Salad Kit 400g", "image_link": "https://www.aldi.com.au/fileadmin/fm-dam/Products/Groceries/Home_of_the_Lowest_Prices/2016/ALN0471_1x1_HOTLP_228x128_3.jpg", "product_price": "$4.99", "former_price": "", "page": "home-of-the-lowest-prices", "base_price": "$12.48 per kg"},
{"product_amount": "", "product_link": "https://www.aldi.com.au/en/groceries/home-of-the-lowest-prices/home-of-the-lowest-prices-detail/ps/p/berg-mild-hungarian-salami-knob-250g-2/", "product_description": "", "product_name": "Berg Mild Hungarian Salami Knob 250g", "image_link": "https://www.aldi.com.au/fileadmin/fm-dam/images/Christmas_2016/Hard_Launch/WK50/ALN0344_1x1_228x128_.jpg", "product_price": "$3.99", "former_price": "", "page": "home-of-the-lowest-prices", "base_price": "$15.96 per kg"},
{"product_amount": "", "product_link": "https://www.aldi.com.au/en/groceries/home-of-the-lowest-prices/home-of-the-lowest-prices-detail/ps/p/berg-danish-salami-knob-250g/", "product_description": "", "product_name": "Berg Danish Salami Knob 250g", "image_link": "https://www.aldi.com.au/fileadmin/fm-dam/images/Christmas_2016/Hard_Launch/WK50/ALN0344_1x1_228x128_2.jpg", "product_price": "$3.99", "former_price": "", "page": "home-of-the-lowest-prices", "base_price": "$15.96 per kg"},
{"product_amount": "", "product_link": "https://www.aldi.com.au/en/groceries/home-of-the-lowest-prices/home-of-the-lowest-prices-detail/ps/p/berg-tuscan-salami-knob-250g-1/", "product_description": "", "product_name": "Berg Tuscan Salami Knob 250g", "image_link": "https://www.aldi.com.au/fileadmin/fm-dam/images/Christmas_2016/Hard_Launch/WK50/ALN0344_1x1_228x128_3.jpg", "product_price": "$3.99", "former_price": "", "page": "home-of-the-lowest-prices", "base_price": "$15.96 per kg"},
{"product_amount": "10pk", "product_link": "https://www.aldi.com.au/en/groceries/home-of-the-lowest-prices/home-of-the-lowest-prices-detail/ps/p/milfina-spider-stix-10pk/", "product_description": "", "product_name": "Milfina Spider Stix 10pk", "image_link": "https://www.aldi.com.au/fileadmin/fm-dam/Products/Groceries/Home_of_the_Lowest_Prices/2017/Ice_Cream/ALN0613_1x1_228x128_5.jpg", "product_price": "$3.99", "former_price": "", "page": "home-of-the-lowest-prices", "base_price": "53c per 100ml"},
{"product_amount": "1L", "product_link": "https://www.aldi.com.au/en/groceries/home-of-the-lowest-prices/home-of-the-lowest-prices-detail/ps/p/monarc-obsession-ice-cream-1l-triple-chocolate/", "product_description": "", "product_name": "Monarc Obsession Ice Cream 1L - Triple Chocolate", "image_link": "https://www.aldi.com.au/fileadmin/fm-dam/Products/Groceries/Home_of_the_Lowest_Prices/2017/Ice_Cream/ALN0613_1x1_228x128_9.jpg", "product_price": "$3.99", "former_price": "", "page": "home-of-the-lowest-prices", "base_price": "40c per 100ml"},
{"product_amount": "1L", "product_link": "https://www.aldi.com.au/en/groceries/home-of-the-lowest-prices/home-of-the-lowest-prices-detail/ps/p/monarc-obsession-ice-cream-1l-chocolate-chip-bliss/", "product_description": "", "product_name": "Monarc Obsession Ice Cream 1L - Chocolate Chip Bliss", "image_link": "https://www.aldi.com.au/fileadmin/fm-dam/Products/Groceries/Home_of_the_Lowest_Prices/2017/Ice_Cream/ALN0613_1x1_228x128_8.jpg", "product_price": "$3.99", "former_price": "", "page": "home-of-the-lowest-prices", "base_price": "40c per 100ml"},
{"product_amount": "30pk", "product_link": "https://www.aldi.com.au/en/groceries/home-of-the-lowest-prices/home-of-the-lowest-prices-detail/ps/p/brookdale-ice-cream-cones-cup-cones-30pk-108g/", "product_description": "", "product_name": "Brookdale Ice Cream Cones - Cup Cones 30pk / 108g", "image_link": "https://www.aldi.com.au/fileadmin/fm-dam/Products/Groceries/Home_of_the_Lowest_Prices/2017/Ice_Cream/ALN0613_1x1_228x128_11.jpg", "product_price": "$1.79", "former_price": "", "page": "home-of-the-lowest-prices", "base_price": "6c per cone"},
{"product_amount": "30pk", "product_link": "https://www.aldi.com.au/en/groceries/home-of-the-lowest-prices/home-of-the-lowest-prices-detail/ps/p/brookdale-ice-cream-cones-cornet-cones-30pk-108g/", "product_description": "", "product_name": "Brookdale Ice Cream Cones - Cornet Cones 30pk / 108g", "image_link": "https://www.aldi.com.au/fileadmin/fm-dam/Products/Groceries/Home_of_the_Lowest_Prices/2017/Ice_Cream/ALN0613_1x1_228x128_10.jpg", "product_price": "$1.79", "former_price": "", "page": "home-of-the-lowest-prices", "base_price": "6c per cone"},
{"product_amount": "ea", "product_link": "https://www.aldi.com.au/en/groceries/home-of-the-lowest-prices/home-of-the-lowest-prices-detail/ps/p/slim-trim-coffee-flavoured-shakes/", "product_description": "", "product_name": "Slim & Trim Coffee Flavoured Shakes", "image_link": "https://www.aldi.com.au/fileadmin/fm-dam/Products/Groceries/Home_of_the_Lowest_Prices/2016/ALN0521_HOTLP_SLIM_TRIM_1x1_228x128_3.jpg", "product_price": "$1.99", "former_price": "", "page": "home-of-the-lowest-prices", "base_price": ""},
{"product_amount": "ea", "product_link": "https://www.aldi.com.au/en/groceries/home-of-the-lowest-prices/home-of-the-lowest-prices-detail/ps/p/slim-trim-chocolate-flavoured-shakes/", "product_description": "", "product_name": "Slim & Trim Chocolate Flavoured Shakes", "image_link": "https://www.aldi.com.au/fileadmin/fm-dam/Products/Groceries/Home_of_the_Lowest_Prices/2016/ALN0521_HOTLP_SLIM_TRIM_1x1_228x128_4.jpg", "product_price": "$1.99", "former_price": "", "page": "home-of-the-lowest-prices", "base_price": ""},
{"product_amount": "ea", "product_link": "https://www.aldi.com.au/en/groceries/home-of-the-lowest-prices/home-of-the-lowest-prices-detail/ps/p/slim-trim-strawberry-flavoured-shakes/", "product_description": "", "product_name": "Slim & Trim Strawberry Flavoured Shakes", "image_link": "https://www.aldi.com.au/fileadmin/fm-dam/Products/Groceries/Home_of_the_Lowest_Prices/2016/ALN0521_HOTLP_SLIM_TRIM_1x1_228x128_2.jpg", "product_price": "$1.99", "former_price": "", "page": "home-of-the-lowest-prices", "base_price": ""},
{"product_amount": "ea", "product_link": "https://www.aldi.com.au/en/groceries/home-of-the-lowest-prices/home-of-the-lowest-prices-detail/ps/p/slim-trim-vanilla-flavoured-shakes/", "product_description": "", "product_name": "Slim & Trim Vanilla Flavoured Shakes", "image_link": "https://www.aldi.com.au/fileadmin/fm-dam/Products/Groceries/Home_of_the_Lowest_Prices/2016/ALN0521_HOTLP_SLIM_TRIM_1x1_228x128_1.jpg", "product_price": "$1.99", "former_price": "", "page": "home-of-the-lowest-prices", "base_price": ""},
{"product_amount": "4pk", "product_link": "https://www.aldi.com.au/en/groceries/home-of-the-lowest-prices/home-of-the-lowest-prices-detail/ps/p/regal-tonic-water-mixers-4x300ml-1/", "product_description": "", "product_name": "Regal Tonic Water Mixers 4x300ml", "image_link": "https://www.aldi.com.au/fileadmin/fm-dam/images/Christmas_2016/Hard_Launch/WK50/ALN0344_1x1_228x128_12.jpg", "product_price": "$2.69", "former_price": "$2.99", "page": "home-of-the-lowest-prices", "base_price": "2.24 per litre"},
{"product_amount": "4pk", "product_link": "https://www.aldi.com.au/en/groceries/home-of-the-lowest-prices/home-of-the-lowest-prices-detail/ps/p/regal-lemon-lime-bitters-mixers-4x300ml-1/", "product_description": "", "product_name": "Regal Lemon, Lime & Bitters Mixers 4x300ml", "image_link": "https://www.aldi.com.au/fileadmin/fm-dam/images/Christmas_2016/Hard_Launch/WK50/ALN0344_1x1_228x128_14.jpg", "product_price": "$2.69", "former_price": "$2.99", "page": "home-of-the-lowest-prices", "base_price": "$2.24 per Litre"},
{"product_amount": "4pk", "product_link": "https://www.aldi.com.au/en/groceries/home-of-the-lowest-prices/home-of-the-lowest-prices-detail/ps/p/regal-ginger-ale-mixers-4x300ml-1/", "product_description": "", "product_name": "Regal Ginger Ale Mixers 4x300ml", "image_link": "https://www.aldi.com.au/fileadmin/fm-dam/images/Christmas_2016/Hard_Launch/WK50/ALN0344_1x1_228x128_13.jpg", "product_price": "$2.69", "former_price": "$2.99", "page": "home-of-the-lowest-prices", "base_price": "$2.24 per Litre"},
{"product_amount": "", "product_link": "https://www.aldi.com.au/en/groceries/home-of-the-lowest-prices/home-of-the-lowest-prices-detail/ps/p/parma-ham-80g-1/", "product_description": "", "product_name": "Parma Ham 80g", "image_link": "https://www.aldi.com.au/fileadmin/fm-dam/images/Christmas_2016/Hard_Launch/WK50/WK50_1x1_XMAS_228x128_1.jpg", "product_price": "$4.99", "former_price": "", "page": "home-of-the-lowest-prices", "base_price": "$62.38 per kg"},
{"product_amount": "", "product_link": "https://www.aldi.com.au/en/groceries/home-of-the-lowest-prices/home-of-the-lowest-prices-detail/ps/p/emporium-selection-herbs-garlic-goats-cheese-110g-1/", "product_description": "", "product_name": "Emporium Selection Herbs & Garlic Goat's Cheese 110g", "image_link": "https://www.aldi.com.au/fileadmin/fm-dam/images/Christmas_2016/Hard_Launch/WK50/ALN0344_1x1_228x128_21.jpg", "product_price": "$3.99", "former_price": "", "page": "home-of-the-lowest-prices", "base_price": "$36.27 per kg"},
{"product_amount": "", "product_link": "https://www.aldi.com.au/en/groceries/home-of-the-lowest-prices/home-of-the-lowest-prices-detail/ps/p/emporium-selection-grana-padano-wedge-250g-1/", "product_description": "", "product_name": "Emporium Selection Grana Padano Wedge 250g", "image_link": "https://www.aldi.com.au/fileadmin/fm-dam/images/Christmas_2016/Hard_Launch/WK50/ALN0344_1x1_228x128_35.jpg", "product_price": "$5.99", "former_price": "", "page": "home-of-the-lowest-prices", "base_price": "$23.96 per 100g"},
{"product_amount": "", "product_link": "https://www.aldi.com.au/en/groceries/home-of-the-lowest-prices/home-of-the-lowest-prices-detail/ps/p/damora-fine-wafer-crackers-1/", "product_description": "", "product_name": "Damora Fine Wafer Crackers", "image_link": "https://www.aldi.com.au/fileadmin/fm-dam/images/Christmas_2016/Hard_Launch/WK50/ALN0344_1x1_228x128_5.jpg", "product_price": "$1.79", "former_price": "", "page": "home-of-the-lowest-prices", "base_price": "$1.79 per 100g"},
{"product_amount": "1kg", "product_link": "https://www.aldi.com.au/en/groceries/home-of-the-lowest-prices/home-of-the-lowest-prices-detail/ps/p/cowbelle-tasty-cheese-block-1kg-2/", "product_description": "", "product_name": "Cowbelle Tasty Cheese Block 1kg", "image_link": "https://www.aldi.com.au/fileadmin/fm-dam/Products/Groceries/Home_of_the_Lowest_Prices/2016/ALC7735_CowbelleCheese_Wk22_1x1_228x128.jpg", "product_price": "$6", "former_price": "$6.49", "page": "home-of-the-lowest-prices", "base_price": "$6.00 per kg"},
{"product_amount": "", "product_link": "https://www.aldi.com.au/en/groceries/home-of-the-lowest-prices/home-of-the-lowest-prices-detail/ps/p/country-orchard-100-orange-juice-2l-1/", "product_description": "", "product_name": "Country Orchard 100% Orange Juice 2L", "image_link": "https://www.aldi.com.au/fileadmin/fm-dam/images/Christmas_2016/Hard_Launch/WK50/ALN0344_1x1_228x128_10.jpg", "product_price": "$3.69", "former_price": "", "page": "home-of-the-lowest-prices", "base_price": "$1.85 per Litre"},
{"product_amount": "", "product_link": "https://www.aldi.com.au/en/groceries/home-of-the-lowest-prices/home-of-the-lowest-prices-detail/ps/p/colway-tartare-sauce-375ml-1/", "product_description": "", "product_name": "Colway Tartare Sauce 375ml", "image_link": "https://www.aldi.com.au/fileadmin/fm-dam/images/Christmas_2016/Hard_Launch/WK50/ALN0344_1x1_228x128_29.jpg", "product_price": "$2.29", "former_price": "", "page": "home-of-the-lowest-prices", "base_price": "61c per 100ml"},
{"product_amount": "", "product_link": "https://www.aldi.com.au/en/groceries/home-of-the-lowest-prices/home-of-the-lowest-prices-detail/ps/p/colway-seafood-sauce-375ml-1/", "product_description": "", "product_name": "Colway Seafood Sauce 375ml", "image_link": "https://www.aldi.com.au/fileadmin/fm-dam/images/Christmas_2016/Hard_Launch/WK50/ALN0344_1x1_228x128_28.jpg", "product_price": "$2.29", "former_price": "", "page": "home-of-the-lowest-prices", "base_price": "61c per 100ml"},
{"product_amount": "", "product_link": "https://www.aldi.com.au/en/groceries/home-of-the-lowest-prices/home-of-the-lowest-prices-detail/ps/p/berg-deli-sliced-turkey-breast-150g-2/", "product_description": "", "product_name": "Berg Deli Sliced Turkey Breast 150g", "image_link": "https://www.aldi.com.au/fileadmin/fm-dam/images/The_Block/Fuelling_the_Block_2016/ALC7782_THE_BLOCK_1x1_228x128_24.jpg", "product_price": "$3.99", "former_price": "", "page": "home-of-the-lowest-prices", "base_price": "$26.60 per kg"},
{"product_amount": "", "product_link": "https://www.aldi.com.au/en/groceries/home-of-the-lowest-prices/home-of-the-lowest-prices-detail/ps/p/almare-smoked-salmon-200g-3/", "product_description": "", "product_name": "Almare Smoked Salmon 200g", "image_link": "https://www.aldi.com.au/fileadmin/fm-dam/images/Christmas_2016/Hard_Launch/WK50/ALN0344_1x1_228x128_33.jpg", "product_price": "$7.99", "former_price": "", "page": "home-of-the-lowest-prices", "base_price": "$39.95 per kg"},
{"product_amount": "4pk", "product_link": "https://www.aldi.com.au/en/groceries/home-of-the-lowest-prices/home-of-the-lowest-prices-detail/ps/p/maitre-d-spinach-ricotta-gratin-4pk-400g/", "product_description": "", "product_name": "Maitre D' Spinach & Ricotta Gratin 4pk / 400g", "image_link": "https://www.aldi.com.au/fileadmin/fm-dam/Products/Groceries/Home_of_the_Lowest_Prices/2016/ALN0471_1x1_HOTLP_228x128_9.jpg", "product_price": "$3.99", "former_price": "", "page": "home-of-the-lowest-prices", "base_price": "$9.98 per kg"},
{"product_amount": "", "product_link": "https://www.aldi.com.au/en/groceries/home-of-the-lowest-prices/home-of-the-lowest-prices-detail/ps/p/seasons-pride-potato-wedges-750g/", "product_description": "", "product_name": "Season\u2019s Pride Potato Wedges 750g", "image_link": "https://www.aldi.com.au/fileadmin/fm-dam/Products/Groceries/Home_of_the_Lowest_Prices/2016/ALN0455_HOTLP_PRODUCT_ADDITIONS_1x1_.jpg", "product_price": "$1.89", "former_price": "", "page": "home-of-the-lowest-prices", "base_price": "$2.52 per kg"},
{"product_amount": "24pk", "product_link": "https://www.aldi.com.au/en/groceries/home-of-the-lowest-prices/home-of-the-lowest-prices-detail/ps/p/elmsbury-party-sausage-rolls-24pk-900g/", "product_description": "", "product_name": "Elmsbury Party Sausage Rolls 24pk / 900g", "image_link": "https://www.aldi.com.au/fileadmin/fm-dam/Products/Groceries/Home_of_the_Lowest_Prices/2016/ALN0455_HOTLP_PRODUCT_ADDITIONS_1x1_2.jpg", "product_price": "$4.49", "former_price": "", "page": "home-of-the-lowest-prices", "base_price": "50c per 100g"},
{"product_amount": "24pk", "product_link": "https://www.aldi.com.au/en/groceries/home-of-the-lowest-prices/home-of-the-lowest-prices-detail/ps/p/elmsbury-party-pies-24pk-112kg/", "product_description": "", "product_name": "Elmsbury Party Pies 24pk / 1.12kg", "image_link": "https://www.aldi.com.au/fileadmin/fm-dam/Products/Groceries/Home_of_the_Lowest_Prices/2016/ALN0455_HOTLP_PRODUCT_ADDITIONS_1x1_3.jpg", "product_price": "$4.79", "former_price": "", "page": "home-of-the-lowest-prices", "base_price": "43c per 100g"},
{"product_amount": "2pk", "product_link": "https://www.aldi.com.au/en/groceries/home-of-the-lowest-prices/home-of-the-lowest-prices-detail/ps/p/confidence-samson-paper-towels-3ply-2pk/", "product_description": "", "product_name": "Confidence Samson Paper Towels 3ply 2pk", "image_link": "https://www.aldi.com.au/fileadmin/fm-dam/Products/Groceries/Home_of_the_Lowest_Prices/2016/ALN0455_HOTLP_PRODUCT_ADDITIONS_1x1_5.jpg", "product_price": "$1.99", "former_price": "", "page": "home-of-the-lowest-prices", "base_price": "$1.66 per 100 sheets"},
{"product_amount": "", "product_link": "https://www.aldi.com.au/en/groceries/home-of-the-lowest-prices/home-of-the-lowest-prices-detail/ps/p/ocean-royale-barramundi-portions-1kg/", "product_description": "", "product_name": "Ocean Royale Barramundi Portions 1kg", "image_link": "https://www.aldi.com.au/fileadmin/fm-dam/Products/Groceries/Home_of_the_Lowest_Prices/2016/ALN0455_HOTLP_PRODUCT_ADDITIONS_1x1_6.jpg", "product_price": "$17.99", "former_price": "", "page": "home-of-the-lowest-prices", "base_price": "$17.99 per kg"},
{"product_amount": "475g", "product_link": "https://www.aldi.com.au/en/groceries/home-of-the-lowest-prices/home-of-the-lowest-prices-detail/ps/p/colway-squeezy-mayonnaise-475g-1/", "product_description": "", "product_name": "Colway Squeezy Mayonnaise 475g", "image_link": "https://www.aldi.com.au/fileadmin/fm-dam/images/The_Block/Fuelling_the_Block_2016/ALC7893_THE-BLOCK-1x1_228x128_3.jpg", "product_price": "$2.49", "former_price": "", "page": "home-of-the-lowest-prices", "base_price": "52c per 100g"},
{"product_amount": "450ml", "product_link": "https://www.aldi.com.au/en/groceries/home-of-the-lowest-prices/home-of-the-lowest-prices-detail/ps/p/tandil-ultra-dishwashing-liquid-450ml-1/", "product_description": "", "product_name": "Tandil Ultra Dishwashing Liquid 450ml", "image_link": "https://www.aldi.com.au/fileadmin/fm-dam/images/The_Block/Fuelling_the_Block_2016/ALC7893_THE-BLOCK-1x1_228x128_1.jpg", "product_price": "$1.59", "former_price": "$1.69", "page": "home-of-the-lowest-prices", "base_price": "35c per 100ml"},
{"product_amount": "1.25L", "product_link": "https://www.aldi.com.au/en/groceries/home-of-the-lowest-prices/home-of-the-lowest-prices-detail/ps/p/power-force-heavy-duty-cleaner-125l-2/", "product_description": "", "product_name": "Power Force Heavy Duty Cleaner 1.25L", "image_link": "https://www.aldi.com.au/fileadmin/fm-dam/images/The_Block/Fuelling_the_Block_2016/ALC7782_THE_BLOCK_1x1_228x128_43.jpg", "product_price": "$2.15", "former_price": "", "page": "home-of-the-lowest-prices", "base_price": "17c per 100ml"},
{"product_amount": "500g", "product_link": "https://www.aldi.com.au/en/groceries/home-of-the-lowest-prices/home-of-the-lowest-prices-detail/ps/p/belmont-biscuit-co-family-assorted-creams-500g-2/", "product_description": "", "product_name": "Belmont Biscuit Co. Family Assorted Creams 500g", "image_link": "https://www.aldi.com.au/fileadmin/fm-dam/images/The_Block/Fuelling_the_Block_2016/ALC7782_THE_BLOCK_1x1_228x128_52.jpg", "product_price": "$3.79", "former_price": "", "page": "home-of-the-lowest-prices", "base_price": "76c per 100g"},
{"product_amount": "500g", "product_link": "https://www.aldi.com.au/en/groceries/home-of-the-lowest-prices/home-of-the-lowest-prices-detail/ps/p/belmont-biscuit-co-family-assorted-500g-1/", "product_description": "", "product_name": "Belmont Biscuit Co. Family Assorted 500g", "image_link": "https://www.aldi.com.au/fileadmin/fm-dam/images/The_Block/Fuelling_the_Block_2016/ALC7782_THE_BLOCK_1x1_228x128_51.jpg", "product_price": "$2.49", "former_price": "", "page": "home-of-the-lowest-prices", "base_price": "50c per 100g"},
{"product_amount": "400g", "product_link": "https://www.aldi.com.au/en/groceries/home-of-the-lowest-prices/home-of-the-lowest-prices-detail/ps/p/belmont-biscuit-co-40-chocolate-chip-cookies-400g-1/", "product_description": "", "product_name": "Belmont Biscuit Co. 40% Chocolate Chip Cookies 400g", "image_link": "https://www.aldi.com.au/fileadmin/fm-dam/images/The_Block/Fuelling_the_Block_2016/ALC7782_THE_BLOCK_1x1_228x128_53.jpg", "product_price": "$2.99", "former_price": "$3.49", "page": "home-of-the-lowest-prices", "base_price": "75c per 100g"},
{"product_amount": "400ml", "product_link": "https://www.aldi.com.au/en/groceries/home-of-the-lowest-prices/home-of-the-lowest-prices-detail/ps/p/asia-specialties-coconut-milk-lite-400ml-2/", "product_description": "", "product_name": "Asia Specialties Coconut Cream Light 400ml", "image_link": "https://www.aldi.com.au/fileadmin/fm-dam/Products/Groceries/Home_of_the_Lowest_Prices/Products/Week_26/ALC6890_1x1_HOTLP_WK25_28.jpg", "product_price": "89", "former_price": "95c", "page": "home-of-the-lowest-prices", "base_price": "22c per 100ml"},
{"product_amount": "400ml", "product_link": "https://www.aldi.com.au/en/groceries/home-of-the-lowest-prices/home-of-the-lowest-prices-detail/ps/p/asia-specialties-coconut-milk-full-cream-400ml-1/", "product_description": "", "product_name": "Asia Specialties Coconut Milk Full Cream 400ml", "image_link": "https://www.aldi.com.au/fileadmin/fm-dam/images/The_Block/Fuelling_the_Block_2016/ALC7782_THE_BLOCK_1x1_228x128_45.jpg", "product_price": "95", "former_price": "", "page": "home-of-the-lowest-prices", "base_price": "24c per 100ml"},
{"product_amount": "ea", "product_link": "https://www.aldi.com.au/en/groceries/home-of-the-lowest-prices/home-of-the-lowest-prices-detail/ps/p/mamia-organic-baby-veggie-puree-120g/", "product_description": "", "product_name": "Mamia Organic Baby Veggie Puree 4+ mths 120g", "image_link": "https://www.aldi.com.au/fileadmin/fm-dam/Products/Groceries/baby_care/WK_32_2015/ALC7017_1x1_228x128_3.jpg", "product_price": "99", "former_price": "$1.39", "page": "home-of-the-lowest-prices", "base_price": "83c per 100g"},
{"product_amount": "ea", "product_link": "https://www.aldi.com.au/en/groceries/home-of-the-lowest-prices/home-of-the-lowest-prices-detail/ps/p/mamia-organic-baby-fruit-4-months-120g-1/", "product_description": "", "product_name": "Mamia Organic Baby Fruit 4 Months+ 120g", "image_link": "https://www.aldi.com.au/fileadmin/fm-dam/Products/Groceries/baby_care/2017/ALN0979_MAMIA_1x1_228x128_2.jpg", "product_price": "99", "former_price": "$1.09", "page": "home-of-the-lowest-prices", "base_price": "83c per 100g"},
{"product_amount": "ea", "product_link": "https://www.aldi.com.au/en/groceries/home-of-the-lowest-prices/home-of-the-lowest-prices-detail/ps/p/mamia-premium-baby-food-6-mths-120g/", "product_description": "", "product_name": "Mamia Premium Baby Food 6+ mths 120g", "image_link": "https://www.aldi.com.au/fileadmin/fm-dam/Products/Groceries/baby_care/WK_32_2015/ALC7017_1x1_228x128_2.jpg", "product_price": "99", "former_price": "$1.09", "page": "home-of-the-lowest-prices", "base_price": "83c per 100g"},
{"product_amount": "ea", "product_link": "https://www.aldi.com.au/en/groceries/home-of-the-lowest-prices/home-of-the-lowest-prices-detail/ps/p/mamia-baby-food-desserts-6-mths-120g/", "product_description": "", "product_name": "Mamia Baby Food Desserts 6+ mths 120g", "image_link": "https://www.aldi.com.au/fileadmin/fm-dam/Products/Groceries/baby_care/WK_32_2015/ALC7017_1x1_228x128_1.jpg", "product_price": "99", "former_price": "$1.09", "page": "home-of-the-lowest-prices", "base_price": "83c per 100g"},
{"product_amount": "", "product_link": "https://www.aldi.com.au/en/groceries/home-of-the-lowest-prices/home-of-the-lowest-prices-detail/ps/p/pure-tropics-coconut-water-1l/", "product_description": "", "product_name": "Pure Tropics Coconut Water 1L", "image_link": "https://www.aldi.com.au/fileadmin/_processed_/0/2/csm_ALC7761_HOTLP_Coco_Water_1x1_27b9aeae94.jpg", "product_price": "$3", "former_price": "$3.99", "page": "home-of-the-lowest-prices", "base_price": "$3.00 per litre"},
{"product_amount": "500g", "product_link": "https://www.aldi.com.au/en/groceries/home-of-the-lowest-prices/home-of-the-lowest-prices-detail/ps/p/jindurra-station-beef-mince-3-star-500g/", "product_description": "", "product_name": "Jindurra Station Beef Mince 3 star 500g", "image_link": "https://www.aldi.com.au/fileadmin/fm-dam/Products/Groceries/Home_of_the_Lowest_Prices/2016/ALC7946_July_Website_Meat_1x1_228x128_4.jpg", "product_price": "$3.99", "former_price": "$4.49", "page": "home-of-the-lowest-prices", "base_price": "$7.98 per kg"},
{"product_amount": "per kg", "product_link": "https://www.aldi.com.au/en/groceries/home-of-the-lowest-prices/home-of-the-lowest-prices-detail/ps/p/brannans-butchery-marinated-chicken-roasting-piece/", "product_description": "", "product_name": "Brannans Butchery Marinated Chicken Roasting Pieces per kg", "image_link": "https://www.aldi.com.au/fileadmin/fm-dam/Products/Groceries/Home_of_the_Lowest_Prices/2016/ALC7946_July_Website_Meat_1x1_228x128_2.jpg", "product_price": "$5.99", "former_price": "", "page": "home-of-the-lowest-prices", "base_price": "$5.99 per kg"},
{"product_amount": "500g", "product_link": "https://www.aldi.com.au/en/groceries/home-of-the-lowest-prices/home-of-the-lowest-prices-detail/ps/p/highland-park-5-star-lean-beef-mince-500g/", "product_description": "", "product_name": "Highland Park 5 Star Lean Beef Mince 500g", "image_link": "https://www.aldi.com.au/fileadmin/fm-dam/Products/Groceries/Home_of_the_Lowest_Prices/2016/ALC7946_July_Website_Meat_1x1_228x128_5_Star_Recipe.jpg", "product_price": "$6.49", "former_price": "", "page": "home-of-the-lowest-prices", "base_price": "$12.98 per kg"},
{"product_amount": "80pk", "product_link": "https://www.aldi.com.au/en/groceries/home-of-the-lowest-prices/home-of-the-lowest-prices-detail/ps/p/mamia-baby-wipes-80pk-fragrance-free-1/", "product_description": "", "product_name": "Mamia Baby Wipes 80pk Fragrance Free", "image_link": "https://www.aldi.com.au/fileadmin/fm-dam/Products/Groceries/baby_care/WK_45_2016/ALN0354_MAMIA-UPDATE_AWARD-1x1_228x128_.jpg", "product_price": "$1.89", "former_price": "$1.99", "page": "home-of-the-lowest-prices", "base_price": "$2.36 per 100 wipes"},
{"product_amount": "80pk", "product_link": "https://www.aldi.com.au/en/groceries/home-of-the-lowest-prices/home-of-the-lowest-prices-detail/ps/p/mamia-baby-wipes-80pk-scented-1/", "product_description": "", "product_name": "Mamia Baby Wipes 80pk Scented", "image_link": "https://www.aldi.com.au/fileadmin/fm-dam/Products/Groceries/baby_care/WK_45_2016/ALN0354_MAMIA-UPDATE_AWARD-1x1_228x128_2.jpg", "product_price": "$1.89", "former_price": "$1.99", "page": "home-of-the-lowest-prices", "base_price": "$2.36 per 100 wipes"},
{"product_amount": "240pk", "product_link": "https://www.aldi.com.au/en/groceries/home-of-the-lowest-prices/home-of-the-lowest-prices-detail/ps/p/mamia-premium-baby-wipes-240pk/", "product_description": "", "product_name": "Mamia Premium Baby Wipes 240pk", "image_link": "https://www.aldi.com.au/fileadmin/fm-dam/Products/Groceries/Home_of_the_Lowest_Prices/Products/Week_21/ALC6830_1x1_HOTLP_WK21_18.jpg", "product_price": "$7.69", "former_price": "$7.99", "page": "home-of-the-lowest-prices", "base_price": "$3.20 per 100 wipes"},
{"product_amount": "21pk", "product_link": "https://www.aldi.com.au/en/groceries/home-of-the-lowest-prices/home-of-the-lowest-prices-detail/ps/p/mamia-supafit-nappy-pants-21pk-junior/", "product_description": "", "product_name": "Mamia Supafit Nappy Pants 21pk \u2013 Junior", "image_link": "https://www.aldi.com.au/fileadmin/fm-dam/Products/Groceries/Home_of_the_Lowest_Prices/ALC7713_1x1_228x128_MAMIA_UPDATE-2_1.jpg", "product_price": "$9.99", "former_price": "$10.99", "page": "home-of-the-lowest-prices", "base_price": "48c per pant"},
{"product_amount": "23pk", "product_link": "https://www.aldi.com.au/en/groceries/home-of-the-lowest-prices/home-of-the-lowest-prices-detail/ps/p/mamia-supafit-nappy-pants-23pk-walker/", "product_description": "", "product_name": "Mamia Supafit Nappy Pants 23pk \u2013 Walker", "image_link": "https://www.aldi.com.au/fileadmin/fm-dam/Products/Groceries/Home_of_the_Lowest_Prices/ALC7713_1x1_228x128_MAMIA_UPDATE-2_2.jpg", "product_price": "$9.99", "former_price": "$10.99", "page": "home-of-the-lowest-prices", "base_price": "43c per pant"},
{"product_amount": "2kg", "product_link": "https://www.aldi.com.au/en/groceries/home-of-the-lowest-prices/home-of-the-lowest-prices-detail/ps/p/broad-oak-farms-chicken-wings-bulk-pack-2kg/", "product_description": "", "product_name": "Broad Oak Farms Chicken Wings Bulk Pack 2kg", "image_link": "https://www.aldi.com.au/fileadmin/fm-dam/Products/Groceries/Home_of_the_Lowest_Prices/2016/ALC7946_July_Website_Meat_1x1_228x128_.jpg", "product_price": "$6.49", "former_price": "$6.99", "page": "home-of-the-lowest-prices", "base_price": "$3.24 per kg"},
{"product_amount": "per kg", "product_link": "https://www.aldi.com.au/en/groceries/home-of-the-lowest-prices/home-of-the-lowest-prices-detail/ps/p/brannans-butchery-boneless-roasting-chicken-aprico/", "product_description": "", "product_name": "Brannans Butchery Boneless Roasting Chicken Apricot & Cranberry per kg", "image_link": "https://www.aldi.com.au/fileadmin/fm-dam/Products/Groceries/Home_of_the_Lowest_Prices/2016/ALC7946_July_Website_Meat_1x1_228x128_3.jpg", "product_price": "$10.99", "former_price": "", "page": "home-of-the-lowest-prices", "base_price": "$10.99 per kg"},
{"product_amount": "per kg", "product_link": "https://www.aldi.com.au/en/groceries/home-of-the-lowest-prices/home-of-the-lowest-prices-detail/ps/p/highland-park-4-star-beef-mince-premium-per-kg/", "product_description": "", "product_name": "Highland Park 4 Star Beef Mince Premium per kg", "image_link": "https://www.aldi.com.au/fileadmin/fm-dam/Products/Groceries/Home_of_the_Lowest_Prices/2016/ALC7946_July_Website_Meat_1x1_228x128_3_01.jpg", "product_price": "$10.99", "former_price": "", "page": "home-of-the-lowest-prices", "base_price": "$10.99 per kg"},
{"product_amount": "per kg", "product_link": "https://www.aldi.com.au/en/groceries/home-of-the-lowest-prices/home-of-the-lowest-prices-detail/ps/p/brannans-butchery-boneless-roasting-chicken-onion/", "product_description": "", "product_name": "Brannans Butchery Boneless Roasting Chicken Onion & Sage per kg", "image_link": "https://www.aldi.com.au/fileadmin/fm-dam/Products/Groceries/Home_of_the_Lowest_Prices/2016/ALC7946_July_Website_Meat_1x1_228x128_8.jpg", "product_price": "$10.99", "former_price": "", "page": "home-of-the-lowest-prices", "base_price": "$10.99 per kg"},
{"product_amount": "", "product_link": "https://www.aldi.com.au/en/groceries/home-of-the-lowest-prices/home-of-the-lowest-prices-detail/ps/p/corale-premium-baked-beans-in-tomato-sauce-425g/", "product_description": "", "product_name": "Corale Premium Baked Beans in Tomato Sauce 425g", "image_link": "https://www.aldi.com.au/fileadmin/fm-dam/Products/Groceries/Home_of_the_Lowest_Prices/Products/Week_26/ALC6890_1x1_HOTLP_WK25_24.jpg", "product_price": "85", "former_price": "", "page": "home-of-the-lowest-prices", "base_price": "20c per 100g"},
{"product_amount": "", "product_link": "https://www.aldi.com.au/en/groceries/home-of-the-lowest-prices/home-of-the-lowest-prices-detail/ps/p/corale-premium-spaghetti-in-tomato-cheese-sauce-42/", "product_description": "", "product_name": "Corale Premium Spaghetti in Tomato & Cheese Sauce 420g", "image_link": "https://www.aldi.com.au/fileadmin/fm-dam/Products/Groceries/Home_of_the_Lowest_Prices/Products/Week_26/ALC6890_1x1_HOTLP_WK25_25.jpg", "product_price": "85", "former_price": "", "page": "home-of-the-lowest-prices", "base_price": "20c per 100g"},
{"product_amount": "", "product_link": "https://www.aldi.com.au/en/groceries/liquor/champagne-sparkling/laundry-detail/ps/p/veuve-monsigny-brut-champagne-nv/", "product_description": "", "product_name": "Veuve Monsigny Brut Champagne NV", "image_link": "https://www.aldi.com.au/fileadmin/fm-dam/Products/Groceries/Liquor/Liquor_Products_Phase_2/ALC7312_LIQUOR_AWARDS_1x1s_228x128_28.jpg", "product_price": "$19.99", "former_price": "$24.99", "page": "champagne-sparkling", "base_price": ""},
{"product_amount": "", "product_link": "https://www.aldi.com.au/en/groceries/home-of-the-lowest-prices/home-of-the-lowest-prices-detail/ps/p/corale-baked-beans-in-ham-sauce-425gg/", "product_description": "", "product_name": "Corale Baked Beans in Ham Sauce 425g", "image_link": "https://www.aldi.com.au/fileadmin/fm-dam/Products/Groceries/Home_of_the_Lowest_Prices/Products/Week_26/ALC6890_1x1_HOTLP_WK25_26.jpg", "product_price": "85", "former_price": "", "page": "home-of-the-lowest-prices", "base_price": "20c per 100g"},
{"product_amount": "", "product_link": "https://www.aldi.com.au/en/groceries/liquor/champagne-sparkling/laundry-detail/ps/p/corte-carista-prosecco-doc/", "product_description": "", "product_name": "Corte Carista Prosecco DOC NV", "image_link": "https://www.aldi.com.au/fileadmin/fm-dam/Products/Groceries/Liquor/Liquour_11_02_16/ALC7513_LIQUOR_AWARDS_1x1s_228x128_RND2_7.jpg", "product_price": "$9.99", "former_price": "", "page": "champagne-sparkling", "base_price": ""},
{"product_amount": "", "product_link": "https://www.aldi.com.au/en/groceries/home-of-the-lowest-prices/home-of-the-lowest-prices-detail/ps/p/power-force-glass-cleaner-750ml/", "product_description": "", "product_name": "Power Force Glass Cleaner 750ml", "image_link": "https://www.aldi.com.au/fileadmin/fm-dam/Products/Groceries/Home_of_the_Lowest_Prices/2016/ALC7922_Switch_1x1_228x128_.jpg", "product_price": "$1.59", "former_price": "", "page": "home-of-the-lowest-prices", "base_price": "21c per 100ml"},
{"product_amount": "", "product_link": "https://www.aldi.com.au/en/groceries/liquor/champagne-sparkling/laundry-detail/ps/p/veuve-olivier-french-sparkling-wine/", "product_description": "", "product_name": "Veuve Olivier French Sparkling Wine NV", "image_link": "https://www.aldi.com.au/fileadmin/fm-dam/Products/Groceries/Liquor/Liquour_11_02_16/ALC7513_LIQUOR_AWARDS_1x1s_228x128_RND2_4.jpg", "product_price": "$7.99", "former_price": "", "page": "champagne-sparkling", "base_price": ""},
{"product_amount": "", "product_link": "https://www.aldi.com.au/en/groceries/liquor/champagne-sparkling/laundry-detail/ps/p/grand-rayon-sparkling-cuvee/", "product_description": "", "product_name": "Grand Rayon Sparkling Cuv\u00e9e NV", "image_link": "https://www.aldi.com.au/fileadmin/fm-dam/Products/Groceries/Liquor/Liquour_11_02_16/ALC7513_LIQUOR_AWARDS_1x1s_228x128_RND2_3.jpg", "product_price": "$3.99", "former_price": "", "page": "champagne-sparkling", "base_price": ""},
{"product_amount": "kg", "product_link": "https://www.aldi.com.au/en/groceries/home-of-the-lowest-prices/home-of-the-lowest-prices-detail/ps/p/brannans-butchery-australian-marinated-whole-chick/", "product_description": "", "product_name": "Brannans Butchery Australian Marinated Whole Chicken per kg", "image_link": "https://www.aldi.com.au/fileadmin/fm-dam/Products/Groceries/Home_of_the_Lowest_Prices/2016/ALC7870_1x1_HOTLP_228x128.jpg", "product_price": "$4.99", "former_price": "", "page": "home-of-the-lowest-prices", "base_price": "$4.99 per kg"},
{"product_amount": "", "product_link": "https://www.aldi.com.au/en/groceries/home-of-the-lowest-prices/home-of-the-lowest-prices-detail/ps/p/goldenvale-wheat-biscuits-112kg-1/", "product_description": "", "product_name": "Goldenvale Wheat Biscuits 1.12kg", "image_link": "https://www.aldi.com.au/fileadmin/fm-dam/Products/Groceries/Home_of_the_Lowest_Prices/2016/ALN0453_1x1_Cereal_228x128_.jpg", "product_price": "$3.09", "former_price": "", "page": "home-of-the-lowest-prices", "base_price": "28c per 100g"},
{"product_amount": "", "product_link": "https://www.aldi.com.au/en/groceries/liquor/champagne-sparkling/laundry-detail/ps/p/claire-creek-sparkling-moscato/", "product_description": "", "product_name": "Claire Creek Sparkling Moscato NV", "image_link": "https://www.aldi.com.au/fileadmin/fm-dam/Products/Groceries/Liquor/Liquour_11_02_16/ALC7513_LIQUOR_AWARDS_1x1s_228x128_RND2_5.jpg", "product_price": "$4.99", "former_price": "", "page": "champagne-sparkling", "base_price": ""},
{"product_amount": "", "product_link": "https://www.aldi.com.au/en/groceries/liquor/champagne-sparkling/laundry-detail/ps/p/claire-creek-sparkling-moscato-rosa/", "product_description": "", "product_name": "Claire Creek Sparkling Moscato Rosa NV", "image_link": "https://www.aldi.com.au/fileadmin/fm-dam/Products/Groceries/Liquor/Liquor_18_5_2016/ALC7777_Liquor_Update_1x1_228x128_8.jpg", "product_price": "$4.99", "former_price": "", "page": "champagne-sparkling", "base_price": ""},
{"product_amount": "", "product_link": "https://www.aldi.com.au/en/groceries/home-of-the-lowest-prices/home-of-the-lowest-prices-detail/ps/p/goldenvale-honey-wheats-750g/", "product_description": "", "product_name": "Goldenvale Honey Wheats 750g", "image_link": "https://www.aldi.com.au/fileadmin/fm-dam/Products/Groceries/Home_of_the_Lowest_Prices/2016/ALN0453_1x1_Cereal_228x128_3.jpg", "product_price": "$4.49", "former_price": "$4.99", "page": "home-of-the-lowest-prices", "base_price": "60c per 100g"},
{"product_amount": "", "product_link": "https://www.aldi.com.au/en/groceries/home-of-the-lowest-prices/home-of-the-lowest-prices-detail/ps/p/goldenvale-honey-nut-cornflakes-750g/", "product_description": "", "product_name": "Goldenvale Honey Nut Cornflakes 750g", "image_link": "https://www.aldi.com.au/fileadmin/fm-dam/Products/Groceries/Home_of_the_Lowest_Prices/2016/ALN0453_1x1_Cereal_228x128_4.jpg", "product_price": "$4.49", "former_price": "$4.99", "page": "home-of-the-lowest-prices", "base_price": "60c per 100g"},
{"product_amount": "", "product_link": "https://www.aldi.com.au/en/groceries/liquor/champagne-sparkling/laundry-detail/ps/p/south-point-estate-sparkling-chardonnay-pinot-noir/", "product_description": "", "product_name": "South Point Estate Sparkling Chardonnay Pinot Noir NV", "image_link": "https://www.aldi.com.au/fileadmin/fm-dam/Products/Groceries/Liquor/Liquor_18_5_2016/ALC7777_Liquor_Update_1x1_228x128_7.jpg", "product_price": "$5.99", "former_price": "", "page": "champagne-sparkling", "base_price": ""},
{"product_amount": "", "product_link": "https://www.aldi.com.au/en/groceries/home-of-the-lowest-prices/home-of-the-lowest-prices-detail/ps/p/goldenvale-just-bran-525g/", "product_description": "", "product_name": "Goldenvale Just Bran 525g", "image_link": "https://www.aldi.com.au/fileadmin/fm-dam/Products/Groceries/Home_of_the_Lowest_Prices/2016/ALN0453_1x1_Cereal_228x128_5.jpg", "product_price": "$2.99", "former_price": "", "page": "home-of-the-lowest-prices", "base_price": "57c per 100g"},
{"product_amount": "", "product_link": "https://www.aldi.com.au/en/groceries/home-of-the-lowest-prices/home-of-the-lowest-prices-detail/ps/p/goldenvale-extras-fruit-fibre-cereal-400g/", "product_description": "", "product_name": "Goldenvale Extras Fruit & Fibre Cereal 400g", "image_link": "https://www.aldi.com.au/fileadmin/fm-dam/Products/Groceries/Home_of_the_Lowest_Prices/2016/ALN0453_1x1_Cereal_228x128_2.jpg", "product_price": "$2.99", "former_price": "$3.29", "page": "home-of-the-lowest-prices", "base_price": "75c per 100g"},
{"product_amount": "", "product_link": "https://www.aldi.com.au/en/groceries/liquor/champagne-sparkling/laundry-detail/ps/p/elemes-sparkling-chardonnay-pinot-noir-1/", "product_description": "", "product_name": "Elemes Sparkling Chardonnay Pinot Noir NV", "image_link": "https://www.aldi.com.au/fileadmin/fm-dam/Products/Groceries/Liquor/Liquor_Products/ALC7312_LIQUOR_1x1s_228x128_9.jpg", "product_price": "$6.99", "former_price": "$7.99", "page": "champagne-sparkling", "base_price": ""},
{"product_amount": "", "product_link": "https://www.aldi.com.au/en/groceries/home-of-the-lowest-prices/home-of-the-lowest-prices-detail/ps/p/confidence-toilet-tissue-12pk/", "product_description": "", "product_name": "Confidence Toilet Tissue 2ply 12pk", "image_link": "https://www.aldi.com.au/fileadmin/fm-dam/Products/Groceries/Home_of_the_Lowest_Prices/Products/15_03_16/ALC7597_WK12_HOTLP_1x1_228x128_1.jpg", "product_price": "$3.59", "former_price": "", "page": "home-of-the-lowest-prices", "base_price": "12c per 100 sheets"},
{"product_amount": "per kg", "product_link": "https://www.aldi.com.au/en/groceries/home-of-the-lowest-prices/home-of-the-lowest-prices-detail/ps/p/boad-oak-farms-chicken-breast-fillets-bulk-pack-pe/", "product_description": "", "product_name": "Broad Oak Farms Chicken Breast Fillets Bulk Pack per kg", "image_link": "https://www.aldi.com.au/fileadmin/fm-dam/Products/Groceries/Home_of_the_Lowest_Prices/Products/15_03_16/ALC7597_WK12_HOTLP_1x1_228x128_2.jpg", "product_price": "$8", "former_price": "$8.99", "page": "home-of-the-lowest-prices", "base_price": "$8.00 per kg"},
{"product_amount": "ea", "product_link": "https://www.aldi.com.au/en/groceries/home-of-the-lowest-prices/home-of-the-lowest-prices-detail/ps/p/brooklea-squishy-yogurt-70g/", "product_description": "", "product_name": "Brooklea Squishy Yogurt 70g", "image_link": "https://www.aldi.com.au/fileadmin/fm-dam/Products/Groceries/Home_of_the_Lowest_Prices/Products/Week_21/ALC6830_1x1_HOTLP_WK21_8.jpg", "product_price": "69", "former_price": "79c", "page": "home-of-the-lowest-prices", "base_price": "99c per 100g"},
{"product_amount": "", "product_link": "https://www.aldi.com.au/en/groceries/home-of-the-lowest-prices/home-of-the-lowest-prices-detail/ps/p/di-san-oxy-ultra-white-in-wash-soaker/", "product_description": "", "product_name": "Di-San Oxy Ultra White In Wash Soaker", "image_link": "https://www.aldi.com.au/fileadmin/fm-dam/Products/Groceries/Home_of_the_Lowest_Prices/2016/ALC7781_HOTLP_1x1_228x128_6.jpg", "product_price": "$3", "former_price": "", "page": "home-of-the-lowest-prices", "base_price": "$3.00 per kg"},
{"product_amount": "6pk", "product_link": "https://www.aldi.com.au/en/groceries/home-of-the-lowest-prices/home-of-the-lowest-prices-detail/ps/p/confidence-hypoallergenic-pocket-tissues-4ply-6x10/", "product_description": "", "product_name": "Confidence Hypoallergenic Pocket Tissues 4ply 6x10pk", "image_link": "https://www.aldi.com.au/fileadmin/fm-dam/Products/Groceries/Home_of_the_Lowest_Prices/2016/ALC7847_HOTLP_June2016_1x1_228x128_2.jpg", "product_price": "99", "former_price": "", "page": "home-of-the-lowest-prices", "base_price": "$1.65 per 100 tissues"},
{"product_amount": "", "product_link": "https://www.aldi.com.au/en/groceries/home-of-the-lowest-prices/home-of-the-lowest-prices-detail/ps/p/just-organic-yogurt-1kg/", "product_description": "", "product_name": "Just Organic Yogurt 1kg", "image_link": "https://www.aldi.com.au/fileadmin/fm-dam/Products/Groceries/Home_of_the_Lowest_Prices/Products/Phase_3/ALC6674_PRODUCTS__1x1__.jpg", "product_price": "$5.49", "former_price": "", "page": "home-of-the-lowest-prices", "base_price": "55c per 100g"},
{"product_amount": "", "product_link": "https://www.aldi.com.au/en/groceries/home-of-the-lowest-prices/home-of-the-lowest-prices-detail/ps/p/bakers-life-bakehouse-mixed-grain-bread-850g-1/", "product_description": "", "product_name": "Bakers Life Bakehouse Mixed Grain Bread 850g", "image_link": "https://www.aldi.com.au/fileadmin/fm-dam/Products/Groceries/Home_of_the_Lowest_Prices/Products/Week_30/ALC6976_1x1_HOLO-AUGUST_228x128_18.jpg", "product_price": "$2.29", "former_price": "$2.49", "page": "home-of-the-lowest-prices", "base_price": "27c per 100g"},
{"product_amount": "", "product_link": "https://www.aldi.com.au/en/groceries/home-of-the-lowest-prices/home-of-the-lowest-prices-detail/ps/p/bakers-life-bakehouse-wholemeal-bread-750g-1/", "product_description": "", "product_name": "Bakers Life Bakehouse Wholemeal Bread 750g", "image_link": "https://www.aldi.com.au/fileadmin/fm-dam/Products/Groceries/Home_of_the_Lowest_Prices/Products/Week_30/ALC6976_1x1_HOLO-AUGUST_228x128_21.jpg", "product_price": "$2.29", "former_price": "$2.49", "page": "home-of-the-lowest-prices", "base_price": "31c per 100g"},
{"product_amount": "", "product_link": "https://www.aldi.com.au/en/groceries/home-of-the-lowest-prices/home-of-the-lowest-prices-detail/ps/p/bakers-life-bakehouse-white-bread-750g-1/", "product_description": "", "product_name": "Bakers Life Bakehouse White Bread 750g", "image_link": "https://www.aldi.com.au/fileadmin/fm-dam/Products/Groceries/Home_of_the_Lowest_Prices/Products/Week_30/ALC6976_1x1_HOLO-AUGUST_228x128_20.jpg", "product_price": "$2.29", "former_price": "$2.49", "page": "home-of-the-lowest-prices", "base_price": "31c per 100g"},
{"product_amount": "", "product_link": "https://www.aldi.com.au/en/groceries/home-of-the-lowest-prices/home-of-the-lowest-prices-detail/ps/p/bakers-life-bakehouse-light-rye-bread-850g-1/", "product_description": "", "product_name": "Bakers Life Bakehouse Traditional Light Rye Bread 850g", "image_link": "https://www.aldi.com.au/fileadmin/fm-dam/Products/Groceries/Home_of_the_Lowest_Prices/Products/Week_30/ALC6976_1x1_HOLO-AUGUST_228x128_17.jpg", "product_price": "$2.29", "former_price": "$2.49", "page": "home-of-the-lowest-prices", "base_price": "34c per 100g"},
{"product_amount": "", "product_link": "https://www.aldi.com.au/en/groceries/home-of-the-lowest-prices/home-of-the-lowest-prices-detail/ps/p/bakers-life-bakehouse-soy-linseed-bread-850g/", "product_description": "", "product_name": "Bakers Life Bakehouse Soy Linseed Bread 850g", "image_link": "https://www.aldi.com.au/fileadmin/fm-dam/Products/Groceries/Home_of_the_Lowest_Prices/Products/Week_30/ALC6976_1x1_HOLO-AUGUST_228x128_19.jpg", "product_price": "$2.29", "former_price": "$2.49", "page": "home-of-the-lowest-prices", "base_price": "29c per 100g"},
{"product_amount": "", "product_link": "https://www.aldi.com.au/en/groceries/home-of-the-lowest-prices/home-of-the-lowest-prices-detail/ps/p/damora-crispetts-125g/", "product_description": "", "product_name": "Damora Crispetts 125g", "image_link": "https://www.aldi.com.au/fileadmin/fm-dam/Products/Groceries/Home_of_the_Lowest_Prices/Products/Week_21/ALC6830_1x1_HOTLP_WK21_6.jpg", "product_price": "$1.99", "former_price": "$2.19", "page": "home-of-the-lowest-prices", "base_price": "$1.59 per 100g"},
{"product_amount": "6pk", "product_link": "https://www.aldi.com.au/en/groceries/home-of-the-lowest-prices/home-of-the-lowest-prices-detail/ps/p/milfina-summer-delight-540ml6pk/", "product_description": "", "product_name": "Milfina Summer Delight 540ml/6pk", "image_link": "https://www.aldi.com.au/fileadmin/fm-dam/Products/Groceries/Home_of_the_Lowest_Prices/2016/ALC7756-1x1_MILFINA_228x128.jpg", "product_price": "$3.99", "former_price": "", "page": "home-of-the-lowest-prices", "base_price": "74c per 100ml"},
{"product_amount": "", "product_link": "https://www.aldi.com.au/en/groceries/home-of-the-lowest-prices/home-of-the-lowest-prices-detail/ps/p/menu-fresh-pasta-625g/", "product_description": "", "product_name": "ME'N'U Fresh Pasta 625g", "image_link": "https://www.aldi.com.au/fileadmin/fm-dam/Products/Groceries/Home_of_the_Lowest_Prices/Products/Week_21/ALC6830_1x1_HOTLP_WK21_10.jpg", "product_price": "$3.69", "former_price": "", "page": "home-of-the-lowest-prices", "base_price": "59c per 100g"},
{"product_amount": "", "product_link": "https://www.aldi.com.au/en/groceries/home-of-the-lowest-prices/home-of-the-lowest-prices-detail/ps/p/emporium-selection-triple-cream-brie-200g-2/", "product_description": "", "product_name": "Emporium Selection Triple Cream Brie 200g", "image_link": "https://www.aldi.com.au/fileadmin/fm-dam/Products/Groceries/Home_of_the_Lowest_Prices/Products/Week_31/ALC6976_1x1_HOLO-AUGUST_228x128_16.jpg", "product_price": "$3.99", "former_price": "$4.49", "page": "home-of-the-lowest-prices", "base_price": "$19.95 per kg"},
{"product_amount": "", "product_link": "https://www.aldi.com.au/en/groceries/home-of-the-lowest-prices/home-of-the-lowest-prices-detail/ps/p/emporium-selection-double-cream-camembert-200g-2/", "product_description": "", "product_name": "Emporium Selection Double Cream Camembert 200g", "image_link": "https://www.aldi.com.au/fileadmin/fm-dam/Products/Groceries/Home_of_the_Lowest_Prices/Products/Week_31/ALC6976_1x1_HOLO-AUGUST_228x128_15.jpg", "product_price": "$3.99", "former_price": "$4.49", "page": "home-of-the-lowest-prices", "base_price": "$19.95 per kg"},
{"product_amount": "500g", "product_link": "https://www.aldi.com.au/en/groceries/home-of-the-lowest-prices/home-of-the-lowest-prices-detail/ps/p/broad-oak-farms-chicken-mince-500g-1/", "product_description": "", "product_name": "Broad Oak Farms Chicken Mince 500g", "image_link": "https://www.aldi.com.au/fileadmin/fm-dam/Products/Groceries/Home_of_the_Lowest_Prices/Products/ALC7072_HOTLP_1x1_228x128_1.jpg", "product_price": "$4.49", "former_price": "", "page": "home-of-the-lowest-prices", "base_price": "$8.98 per kg"},
{"product_amount": "500g", "product_link": "https://www.aldi.com.au/en/groceries/home-of-the-lowest-prices/home-of-the-lowest-prices-detail/ps/p/ironbark-pork-mince-500g/", "product_description": "", "product_name": "Ironbark Pork Mince 500g", "image_link": "https://www.aldi.com.au/fileadmin/fm-dam/Products/Groceries/Home_of_the_Lowest_Prices/Products/ALC7072_HOTLP_1x1_228x128_2.jpg", "product_price": "$4.99", "former_price": "$5.49", "page": "home-of-the-lowest-prices", "base_price": "$9.98 per kg"},
{"product_amount": "8pk", "product_link": "https://www.aldi.com.au/en/groceries/home-of-the-lowest-prices/home-of-the-lowest-prices-detail/ps/p/mamia-fruit-snack-cereal-bars-banana-128g/", "product_description": "", "product_name": "Mamia Fruit Snack Cereal Bars Banana 128g", "image_link": "https://www.aldi.com.au/fileadmin/fm-dam/Products/Groceries/Home_of_the_Lowest_Prices/2016/ALC7717_1x1_228x128-sfb-banana.jpg", "product_price": "$2.49", "former_price": "$2.69", "page": "home-of-the-lowest-prices", "base_price": "$1.95 per 100g"},
{"product_amount": "8pk", "product_link": "https://www.aldi.com.au/en/groceries/home-of-the-lowest-prices/home-of-the-lowest-prices-detail/ps/p/mamia-fruit-snack-cereal-bars-apple-128g/", "product_description": "", "product_name": "Mamia Fruit Snack Cereal Bars Apple 128g", "image_link": "https://www.aldi.com.au/fileadmin/fm-dam/Products/Groceries/Home_of_the_Lowest_Prices/2016/ALC7717_1x1_228x128-sfb-apple.jpg", "product_price": "$2.49", "former_price": "$2.69", "page": "home-of-the-lowest-prices", "base_price": "$1.95 per 100g"},
{"product_amount": "", "product_link": "https://www.aldi.com.au/en/groceries/home-of-the-lowest-prices/home-of-the-lowest-prices-detail/ps/p/orion-women-pure-touch-anti-white-mark-deodorant-1/", "product_description": "", "product_name": "Orion Women Pure Touch Anti-White Mark Deodorant 119g", "image_link": "https://www.aldi.com.au/fileadmin/fm-dam/Products/Groceries/Home_of_the_Lowest_Prices/Products/Week_31/ALC6976_1x1_HOLO-AUGUST_228x128_13.jpg", "product_price": "$1.89", "former_price": "", "page": "home-of-the-lowest-prices", "base_price": "$1.59 per 100g"},
{"product_amount": "ea", "product_link": "https://www.aldi.com.au/en/groceries/home-of-the-lowest-prices/home-of-the-lowest-prices-detail/ps/p/power-force-toilet-gel-discs-75ml/", "product_description": "", "product_name": "Power Force Toilet Gel Discs 75ml", "image_link": "https://www.aldi.com.au/fileadmin/fm-dam/Products/Groceries/Home_of_the_Lowest_Prices/Products/Week_31/ALC6976_1x1_HOLO-AUGUST_228x128_14.jpg", "product_price": "$4.99", "former_price": "", "page": "home-of-the-lowest-prices", "base_price": "$6.65 per 100ml"},
{"product_amount": "", "product_link": "https://www.aldi.com.au/en/groceries/home-of-the-lowest-prices/home-of-the-lowest-prices-detail/ps/p/sweet-haven-frozen-mango-pieces-1kg/", "product_description": "", "product_name": "Sweet Haven Frozen Mango Pieces 1kg", "image_link": "https://www.aldi.com.au/fileadmin/fm-dam/Products/Groceries/Home_of_the_Lowest_Prices/Products/Week_25/ALC6890_WK25_1x1_228x128_MANGO.jpg", "product_price": "$6.99", "former_price": "", "page": "home-of-the-lowest-prices", "base_price": "$6.99 per kg"},
{"product_amount": "", "product_link": "https://www.aldi.com.au/en/groceries/home-of-the-lowest-prices/home-of-the-lowest-prices-detail/ps/p/bakers-life-cafe-style-raisin-loaf-650g/", "product_description": "", "product_name": "Bakers Life Cafe Style Raisin Loaf 650g", "image_link": "https://www.aldi.com.au/fileadmin/fm-dam/Products/Groceries/Home_of_the_Lowest_Prices/Products/Week_30/ALC6976_1x1_HOLO-AUGUST_228x128_17_2.jpg", "product_price": "$2.49", "former_price": "$2.69", "page": "home-of-the-lowest-prices", "base_price": "38c per 100g"},
{"product_amount": "", "product_link": "https://www.aldi.com.au/en/groceries/home-of-the-lowest-prices/home-of-the-lowest-prices-detail/ps/p/mamia-infant-formula-starter-step-1-900g-1/", "product_description": "", "product_name": "Mamia Infant Formula Starter Step 1 900g", "image_link": "https://www.aldi.com.au/fileadmin/fm-dam/Products/Groceries/Home_of_the_Lowest_Prices/2016/ALN0416_1x1_228x128_2.jpg", "product_price": "$13.99", "former_price": "$14.99", "page": "home-of-the-lowest-prices", "base_price": "$1.55 per 100g"},
{"product_amount": "", "product_link": "https://www.aldi.com.au/en/groceries/home-of-the-lowest-prices/home-of-the-lowest-prices-detail/ps/p/mamia-infant-formula-follow-on-step-2-900g-1/", "product_description": "", "product_name": "Mamia Infant Formula Follow On Step 2 900g", "image_link": "https://www.aldi.com.au/fileadmin/fm-dam/Products/Groceries/Home_of_the_Lowest_Prices/2016/ALN0416_1x1_228x128_3.jpg", "product_price": "$13.99", "former_price": "$14.99", "page": "home-of-the-lowest-prices", "base_price": "$1.55 per 100g"},
{"product_amount": "", "product_link": "https://www.aldi.com.au/en/groceries/home-of-the-lowest-prices/home-of-the-lowest-prices-detail/ps/p/mamia-gold-milk-drink-900g/", "product_description": "", "product_name": "Mamia Gold Milk Drink 900g", "image_link": "https://www.aldi.com.au/fileadmin/fm-dam/Products/Groceries/Home_of_the_Lowest_Prices/2016/ALC7717_1x1_228x128_3-GOLD.jpg", "product_price": "$11.99", "former_price": "$12.99", "page": "home-of-the-lowest-prices", "base_price": "$1.33 per 100g"},
{"product_amount": "3L", "product_link": "https://www.aldi.com.au/en/groceries/home-of-the-lowest-prices/home-of-the-lowest-prices-detail/ps/p/farmdale-fresh-full-cream-milk/", "product_description": "", "product_name": "Farmdale Fresh Full Cream Milk", "image_link": "https://www.aldi.com.au/fileadmin/fm-dam/Products/Special_Buys/Special_Buys_2015/Christmas_2015/WK51_XMAS_1x1_228x128_3.jpg", "product_price": "$2.99", "former_price": "", "page": "home-of-the-lowest-prices", "base_price": "$1.00 per litre"},
{"product_amount": "", "product_link": "https://www.aldi.com.au/en/groceries/home-of-the-lowest-prices/home-of-the-lowest-prices-detail/ps/p/diplomat-tea-cup-bags-100pk/", "product_description": "", "product_name": "Diplomat Tea Cup Bags 100pk", "image_link": "https://www.aldi.com.au/fileadmin/fm-dam/Products/Groceries/Home_of_the_Lowest_Prices/Products/Week_30/ALC6976_1x1_HOLO-AUGUST_228x128_17_3.jpg", "product_price": "$1.79", "former_price": "$1.99", "page": "home-of-the-lowest-prices", "base_price": "90c per 100g"},
{"product_amount": "", "product_link": "https://www.aldi.com.au/en/groceries/home-of-the-lowest-prices/home-of-the-lowest-prices-detail/ps/p/lyttos-greek-style-natural-yogurt-2kg-1/", "product_description": "", "product_name": "Lyttos Greek Style Natural Yogurt 2kg", "image_link": "https://www.aldi.com.au/fileadmin/fm-dam/Products/Groceries/Home_of_the_Lowest_Prices/Products/Week_30/ALC6976_1x1_HOLO-AUGUST_228x128_17_1.jpg", "product_price": "$8.49", "former_price": "", "page": "home-of-the-lowest-prices", "base_price": "43c per 100g"},
{"product_amount": "28pk", "product_link": "https://www.aldi.com.au/en/groceries/home-of-the-lowest-prices/home-of-the-lowest-prices-detail/ps/p/mamia-unisex-nappies-newborn-up-to-5kg-28pk/", "product_description": "", "product_name": "Mamia Unisex Nappies Newborn - Up to 5kg 28pk", "image_link": "https://www.aldi.com.au/fileadmin/fm-dam/Products/Groceries/Home_of_the_Lowest_Prices/Products/Week_21/ALC6830_1x1_HOTLP_WK21_14.jpg", "product_price": "$4.29", "former_price": "$4.65", "page": "home-of-the-lowest-prices", "base_price": "15c per nappy"},
{"product_amount": "", "product_link": "https://www.aldi.com.au/en/groceries/home-of-the-lowest-prices/home-of-the-lowest-prices-detail/ps/p/seasons-pride-beer-batter-fries-750g/", "product_description": "", "product_name": "Seasons Pride Beer Batter Fries 750g", "image_link": "https://www.aldi.com.au/fileadmin/fm-dam/Products/Groceries/Home_of_the_Lowest_Prices/Products/Week_30/ALC6976_1x1_HOLO-AUGUST_228x128_17_5.jpg", "product_price": "$2.49", "former_price": "$2.69", "page": "home-of-the-lowest-prices", "base_price": "33c per 100g"},
{"product_amount": "", "product_link": "https://www.aldi.com.au/en/groceries/home-of-the-lowest-prices/home-of-the-lowest-prices-detail/ps/p/asia-specialties-coconut-cream-400ml/", "product_description": "", "product_name": "Asia Specialties Coconut Cream 400ml", "image_link": "https://www.aldi.com.au/fileadmin/fm-dam/Products/Groceries/Home_of_the_Lowest_Prices/Products/Week_26/ALC6890_1x1_HOTLP_WK25_27.jpg", "product_price": "89", "former_price": "95c", "page": "home-of-the-lowest-prices", "base_price": "22c per 100ml"},
{"product_amount": "", "product_link": "https://www.aldi.com.au/en/groceries/home-of-the-lowest-prices/home-of-the-lowest-prices-detail/ps/p/asia-specialties-coconut-cream-light-400ml/", "product_description": "", "product_name": "Asia Specialties Coconut Cream Light 400ml", "image_link": "https://www.aldi.com.au/fileadmin/fm-dam/Products/Groceries/Home_of_the_Lowest_Prices/Products/Week_26/ALC6890_1x1_HOTLP_WK25_28.jpg", "product_price": "89", "former_price": "95c", "page": "home-of-the-lowest-prices", "base_price": "22c per 100ml"},
{"product_amount": "", "product_link": "https://www.aldi.com.au/en/groceries/home-of-the-lowest-prices/home-of-the-lowest-prices-detail/ps/p/atlas-insect-spray-high-performance-350g/", "product_description": "", "product_name": "Atlas Insect Spray High Performance 350g", "image_link": "https://www.aldi.com.au/fileadmin/fm-dam/Products/Groceries/Home_of_the_Lowest_Prices/Products/Week_29/ALC6935_1x1_HOTLP_July_228x128_2.jpg", "product_price": "$2.99", "former_price": "", "page": "home-of-the-lowest-prices", "base_price": "85c per 100g"},
{"product_amount": "40pk", "product_link": "https://www.aldi.com.au/en/groceries/home-of-the-lowest-prices/home-of-the-lowest-prices-detail/ps/p/logix-platinum-dishwasher-tablets-lemon-fragrance/", "product_description": "", "product_name": "Logix Platinum Dishwasher Tablets\u00a0 - Lemon Fragrance 40pk", "image_link": "https://www.aldi.com.au/fileadmin/fm-dam/Products/Groceries/Award_Winning_Products/Home_Cleaning/2016/WK47/ALN0396_1x1_228x128_3.jpg", "product_price": "$7.99", "former_price": "", "page": "home-of-the-lowest-prices", "base_price": "20c per tablet"},
{"product_amount": "", "product_link": "https://www.aldi.com.au/en/groceries/home-of-the-lowest-prices/home-of-the-lowest-prices-detail/ps/p/goliath-aluminium-foil-extra-strength-30m/", "product_description": "", "product_name": "Goliath Aluminium Foil - Extra Strength 30m", "image_link": "https://www.aldi.com.au/fileadmin/fm-dam/Products/Groceries/Home_of_the_Lowest_Prices/Products/Week_29/ALC6935_1x1_HOTLP_July_228x128_5.jpg", "product_price": "$2.79", "former_price": "", "page": "home-of-the-lowest-prices", "base_price": "9c per metre"},
{"product_amount": "60m", "product_link": "https://www.aldi.com.au/en/groceries/home-of-the-lowest-prices/home-of-the-lowest-prices-detail/ps/p/goliath-cling-wrap-2/", "product_description": "", "product_name": "Goliath Cling Wrap", "image_link": "https://www.aldi.com.au/fileadmin/fm-dam/Products/Special_Buys/Special_Buys_2015/Christmas_2015/WK51_XMAS_1x1_228x128_2.png", "product_price": "$1.39", "former_price": "", "page": "home-of-the-lowest-prices", "base_price": "2c per metre"},
{"product_amount": "", "product_link": "https://www.aldi.com.au/en/groceries/home-of-the-lowest-prices/home-of-the-lowest-prices-detail/ps/p/cachet-by-silvesters-gourmet-cat-food-chicken-vari/", "product_description": "", "product_name": "Cachet by Silvester\u2019s Gourmet Cat Food \u00a0- Chicken Varieties 85g", "image_link": "https://www.aldi.com.au/fileadmin/fm-dam/Products/Groceries/Home_of_the_Lowest_Prices/Products/Week_26/ALC6890_1x1_HOTLP_WK25_20.jpg", "product_price": "65", "former_price": "69c", "page": "home-of-the-lowest-prices", "base_price": "77c per 100g"},
{"product_amount": "", "product_link": "https://www.aldi.com.au/en/groceries/home-of-the-lowest-prices/home-of-the-lowest-prices-detail/ps/p/cachet-by-silvesters-gourmet-cat-food-tuna-chunks/", "product_description": "", "product_name": "Cachet by Silvester\u2019s Gourmet Cat Food \u2013 Tuna Chunks with Prawn in Gravy 85g", "image_link": "https://www.aldi.com.au/fileadmin/fm-dam/Products/Groceries/Home_of_the_Lowest_Prices/Products/Week_26/ALC6890_1x1_HOTLP_WK25_21.jpg", "product_price": "65", "former_price": "69c", "page": "home-of-the-lowest-prices", "base_price": "77c per 100g"},
{"product_amount": "", "product_link": "https://www.aldi.com.au/en/groceries/home-of-the-lowest-prices/home-of-the-lowest-prices-detail/ps/p/cachet-by-silvesters-gourmet-cat-food-tuna-slices/", "product_description": "", "product_name": "Cachet by Silvester\u2019s Gourmet Cat Food \u2013 Tuna Slices with Anchovy in Gravy 85g", "image_link": "https://www.aldi.com.au/fileadmin/fm-dam/Products/Groceries/Home_of_the_Lowest_Prices/Products/Week_26/ALC6890_1x1_HOTLP_WK25_23.jpg", "product_price": "65", "former_price": "69c", "page": "home-of-the-lowest-prices", "base_price": "77c per 100g"},
{"product_amount": "", "product_link": "https://www.aldi.com.au/en/groceries/home-of-the-lowest-prices/home-of-the-lowest-prices-detail/ps/p/cachet-by-silvesters-gourmet-cat-food-white-meat-t/", "product_description": "", "product_name": "Cachet by Silvester\u2019s Gourmet Cat Food \u2013 White Meat Tuna with Flaked Salmon in Jelly 85g", "image_link": "https://www.aldi.com.au/fileadmin/fm-dam/Products/Groceries/Home_of_the_Lowest_Prices/Products/Week_26/ALC6890_1x1_HOTLP_WK25_22.jpg", "product_price": "65", "former_price": "69c", "page": "home-of-the-lowest-prices", "base_price": "77c per 100g"},
{"product_amount": "", "product_link": "https://www.aldi.com.au/en/groceries/home-of-the-lowest-prices/home-of-the-lowest-prices-detail/ps/p/tricare-instant-hand-sanitiser-250ml/", "product_description": "", "product_name": "Tricare Instant Hand Sanitiser 250ml", "image_link": "https://www.aldi.com.au/fileadmin/fm-dam/Products/Groceries/Home_of_the_Lowest_Prices/Products/Week_29/ALC6935_1x1_HOTLP_July_228x128_6.jpg", "product_price": "$3.69", "former_price": "", "page": "home-of-the-lowest-prices", "base_price": "$1.48 per 100ml"},
{"product_amount": "", "product_link": "https://www.aldi.com.au/en/groceries/home-of-the-lowest-prices/home-of-the-lowest-prices-detail/ps/p/remano-passata-700ml/", "product_description": "", "product_name": "Remano Passata 700ml", "image_link": "https://www.aldi.com.au/fileadmin/fm-dam/Products/Groceries/Home_of_the_Lowest_Prices/Products/Week_29/ALC6935_1x1_HOTLP_July_228x128_8.jpg", "product_price": "$1.35", "former_price": "$1.59", "page": "home-of-the-lowest-prices", "base_price": "19c per 100ml"},
{"product_amount": "", "product_link": "https://www.aldi.com.au/en/groceries/home-of-the-lowest-prices/home-of-the-lowest-prices-detail/ps/p/juliet-body-caress-shower-gel-1l/", "product_description": "", "product_name": "Juliet Body Caress Shower Gel 1L", "image_link": "https://www.aldi.com.au/fileadmin/fm-dam/Products/Groceries/Home_of_the_Lowest_Prices/Products/Week_21/ALC6830_1x1_HOTLP_WK21_4.jpg", "product_price": "$3.69", "former_price": "$3.99", "page": "home-of-the-lowest-prices", "base_price": "37c per 100ml"},
{"product_amount": "", "product_link": "https://www.aldi.com.au/en/groceries/home-of-the-lowest-prices/home-of-the-lowest-prices-detail/ps/p/prince-anti-perspirant-deodorant-50ml/", "product_description": "", "product_name": "Prince Anti-Perspirant Deodorant 50ml", "image_link": "https://www.aldi.com.au/fileadmin/fm-dam/Products/Groceries/Home_of_the_Lowest_Prices/Products/Week_21/ALC6830_1x1_HOTLP_WK21_3.jpg", "product_price": "$1.79", "former_price": "$1.99", "page": "home-of-the-lowest-prices", "base_price": "$3.58 per 100ml"},
{"product_amount": "24pk", "product_link": "https://www.aldi.com.au/en/groceries/home-of-the-lowest-prices/home-of-the-lowest-prices-detail/ps/p/toilet-tissue-3ply-24pk/", "product_description": "", "product_name": "Toilet Tissue 3ply 24pk", "image_link": "https://www.aldi.com.au/fileadmin/fm-dam/Products/Groceries/Home_of_the_Lowest_Prices/Products/Week_21/ALC6830_1x1_HOTLP_WK21_1.jpg", "product_price": "$8", "former_price": "$8.49", "page": "home-of-the-lowest-prices", "base_price": "18c per 100 sheets"},
{"product_amount": "", "product_link": "https://www.aldi.com.au/en/groceries/home-of-the-lowest-prices/home-of-the-lowest-prices-detail/ps/p/the-fresh-salad-co-salad-mix-120g/", "product_description": "", "product_name": "The Fresh Salad Co Salad Mix 120g", "image_link": "https://www.aldi.com.au/fileadmin/fm-dam/Products/Groceries/Home_of_the_Lowest_Prices/Products/ALC6674_PRODUCTS__1x1__05.jpg", "product_price": "$1.79", "former_price": "", "page": "home-of-the-lowest-prices", "base_price": "$14.92 per kg"},
{"product_amount": "", "product_link": "https://www.aldi.com.au/en/groceries/home-of-the-lowest-prices/home-of-the-lowest-prices-detail/ps/p/international-cuisine-health-vitalityybasil-chicke/", "product_description": "", "product_name": "International Cuisine Health & Vitality\u00a0Basil Chicken 300g", "image_link": "https://www.aldi.com.au/fileadmin/fm-dam/Products/Groceries/Home_of_the_Lowest_Prices/Products/Week_25/ALC6890_WK25_1x1_228x128_BASIL_CHICKEN.jpg", "product_price": "$3.49", "former_price": "$3.59", "page": "home-of-the-lowest-prices", "base_price": "$1.16 per 100g"},
{"product_amount": "", "product_link": "https://www.aldi.com.au/en/groceries/home-of-the-lowest-prices/home-of-the-lowest-prices-detail/ps/p/milfina-polar-bars-440ml-4pk-1/", "product_description": "", "product_name": "Milfina Polar Bars 440ml 4pk", "image_link": "https://www.aldi.com.au/fileadmin/fm-dam/Products/Groceries/Home_of_the_Lowest_Prices/Products/Week_25/ALC6917_DIAA_Awards_1x1_WK24_17.jpg", "product_price": "$2.69", "former_price": "$3", "page": "home-of-the-lowest-prices", "base_price": "61c per 100ml"},
{"product_amount": "", "product_link": "https://www.aldi.com.au/en/groceries/home-of-the-lowest-prices/home-of-the-lowest-prices-detail/ps/p/sweet-haven-blueberries-500g-1/", "product_description": "", "product_name": "Sweet Haven Blueberries 500g", "image_link": "https://www.aldi.com.au/fileadmin/fm-dam/Products/Groceries/Home_of_the_Lowest_Prices/Products/WK39_LOWER_1x1_3_cd5213c87e.png", "product_price": "$3.69", "former_price": "", "page": "home-of-the-lowest-prices", "base_price": "$7.38 per kg"},
{"product_amount": "", "product_link": "https://www.aldi.com.au/en/groceries/home-of-the-lowest-prices/home-of-the-lowest-prices-detail/ps/p/sprinters-crinkle-cut-multi-pack-380g/", "product_description": "", "product_name": "Sprinters Potato Chips Crinkle Cut Multi Pack 380g / 20pk", "image_link": "https://www.aldi.com.au/fileadmin/fm-dam/Products/Groceries/Home_of_the_Lowest_Prices/Products/ALC6674_PRODUCTS__1x1__9_01.jpg", "product_price": "$3.69", "former_price": "$3.99", "page": "home-of-the-lowest-prices", "base_price": "97c per 100g"},
{"product_amount": "", "product_link": "https://www.aldi.com.au/en/groceries/home-of-the-lowest-prices/home-of-the-lowest-prices-detail/ps/p/country-orchard-breakfast-juice-2l/", "product_description": "", "product_name": "Country Orchard Breakfast Juice 2L", "image_link": "https://www.aldi.com.au/fileadmin/fm-dam/Products/Groceries/Home_of_the_Lowest_Prices/Products/Week_22/ALC6890_1x1_HOTLP_WK22_12.jpg", "product_price": "$2.99", "former_price": "$3.29", "page": "home-of-the-lowest-prices", "base_price": "$1.50 per litre"},
{"product_amount": "", "product_link": "https://www.aldi.com.au/en/groceries/home-of-the-lowest-prices/home-of-the-lowest-prices-detail/ps/p/corale-baked-beans-in-tomato-sauce-425g/", "product_description": "", "product_name": "Corale Baked Beans in Tomato Sauce 425g", "image_link": "https://www.aldi.com.au/fileadmin/fm-dam/Products/Groceries/Home_of_the_Lowest_Prices/Products/Week_21/ALC6830_1x1_HOTLP_WK21_19.jpg", "product_price": "65", "former_price": "69c", "page": "home-of-the-lowest-prices", "base_price": "15c per 100g"},
{"product_amount": "", "product_link": "https://www.aldi.com.au/en/groceries/home-of-the-lowest-prices/home-of-the-lowest-prices-detail/ps/p/corale-short-cut-spaghetti-in-tomato-sauce-420g/", "product_description": "", "product_name": "Corale Short Cut Spaghetti in Tomato Sauce 420g", "image_link": "https://www.aldi.com.au/fileadmin/fm-dam/Products/Groceries/Home_of_the_Lowest_Prices/Products/Week_21/ALC6830_1x1_HOTLP_WK21_20.jpg", "product_price": "65", "former_price": "69c", "page": "home-of-the-lowest-prices", "base_price": "15c per 100g"},
{"product_amount": "12pk", "product_link": "https://www.aldi.com.au/en/groceries/home-of-the-lowest-prices/home-of-the-lowest-prices-detail/ps/p/brooklea-stampede-chocolate-dairy-snack-12-x-100g/", "product_description": "", "product_name": "Brooklea Stampede Chocolate Dairy Snack 12 x 100g", "image_link": "https://www.aldi.com.au/fileadmin/fm-dam/Products/Groceries/Home_of_the_Lowest_Prices/Products/Week_22/ALC6890_1x1_HOTLP_WK22_9_01.jpg", "product_price": "$4.49", "former_price": "", "page": "home-of-the-lowest-prices", "base_price": ""},
{"product_amount": "ea", "product_link": "https://www.aldi.com.au/en/groceries/home-of-the-lowest-prices/home-of-the-lowest-prices-detail/ps/p/prince-shower-gel-1ll/", "product_description": "", "product_name": "Prince Shower Gel 1L", "image_link": "https://www.aldi.com.au/fileadmin/fm-dam/Products/Groceries/Home_of_the_Lowest_Prices/Products/Week_22/ALC6890_1x1_HOTLP_WK22_13.jpg", "product_price": "$3.69", "former_price": "$3.99", "page": "home-of-the-lowest-prices", "base_price": "37c per 100ml"},
{"product_amount": "ea", "product_link": "https://www.aldi.com.au/en/groceries/home-of-the-lowest-prices/home-of-the-lowest-prices-detail/ps/p/menu-garlic-bread-loaf-470g/", "product_description": "", "product_name": "ME'N'U Garlic Bread Loaf 470g", "image_link": "https://www.aldi.com.au/fileadmin/fm-dam/Products/Groceries/Home_of_the_Lowest_Prices/Products/Week_17_18/ALC6822_1x1_HOTLP_WK18_228x128_8.jpg", "product_price": "$2.69", "former_price": "$2.99", "page": "home-of-the-lowest-prices", "base_price": "57c per 100g"},
{"product_amount": "", "product_link": "https://www.aldi.com.au/en/groceries/home-of-the-lowest-prices/home-of-the-lowest-prices-detail/ps/p/sweet-vine-pitted-dates-500g-1/", "product_description": "", "product_name": "Sweet Vine Pitted Dates 500g", "image_link": "https://www.aldi.com.au/fileadmin/fm-dam/Products/Groceries/Home_of_the_Lowest_Prices/2016/ALN0416_1x1_228x128_1.jpg", "product_price": "$1.79", "former_price": "", "page": "home-of-the-lowest-prices", "base_price": "$3.58 per kg"},
{"product_amount": "4pk", "product_link": "https://www.aldi.com.au/en/groceries/home-of-the-lowest-prices/home-of-the-lowest-prices-detail/ps/p/berg-sliced-leg-ham-4-x-100g-1/", "product_description": "", "product_name": "Berg Sliced Leg Ham 4 x 100g", "image_link": "https://www.aldi.com.au/fileadmin/fm-dam/Products/Groceries/Home_of_the_Lowest_Prices/Products/Phase_3/ALC6674_PRODUCTS__1x1__28.jpg", "product_price": "$4.69", "former_price": "", "page": "home-of-the-lowest-prices", "base_price": "$11.73 per kg"},
{"product_amount": "", "product_link": "https://www.aldi.com.au/en/groceries/home-of-the-lowest-prices/home-of-the-lowest-prices-detail/ps/p/confidence-toilet-tissue-3ply-8pk/", "product_description": "", "product_name": "Confidence Toilet Tissue 3ply 8pk", "image_link": "https://www.aldi.com.au/fileadmin/fm-dam/Products/Groceries/Home_of_the_Lowest_Prices/Products/ALC6674_PRODUCTS__1x1__26.jpg", "product_price": "$3.59", "former_price": "", "page": "home-of-the-lowest-prices", "base_price": "24c per 100 sheets"},
{"product_amount": "4pk", "product_link": "https://www.aldi.com.au/en/groceries/home-of-the-lowest-prices/home-of-the-lowest-prices-detail/ps/p/double-length-toilet-tissue-3ply-4pk/", "product_description": "", "product_name": "Double Length Toilet Tissue 3ply 4pk", "image_link": "https://www.aldi.com.au/fileadmin/fm-dam/Products/Groceries/Home_of_the_Lowest_Prices/Products/Week_21/ALC6830_1x1_HOTLP_WK21_2.jpg", "product_price": "$3.49", "former_price": "", "page": "home-of-the-lowest-prices", "base_price": "23c per 100 sheets"},
{"product_amount": "56pk", "product_link": "https://www.aldi.com.au/en/groceries/home-of-the-lowest-prices/home-of-the-lowest-prices-detail/ps/p/mamia-crawler-unisex-nappies-6-11kg-56pk-2/", "product_description": "", "product_name": "Mamia Crawler Unisex Nappies 6-11kg 56pk", "image_link": "https://www.aldi.com.au/fileadmin/_processed_/d/b/csm_MAMIA_1X1_3_9cdb269ab4.jpg", "product_price": "$10.99", "former_price": "", "page": "home-of-the-lowest-prices", "base_price": "20c per nappy"},
{"product_amount": "50pk", "product_link": "https://www.aldi.com.au/en/groceries/home-of-the-lowest-prices/home-of-the-lowest-prices-detail/ps/p/mamia-toddler-unisex-nappies-10-15kg-50pk-2/", "product_description": "", "product_name": "Mamia Toddler Unisex Nappies 10-15kg 50pk", "image_link": "https://www.aldi.com.au/fileadmin/_processed_/a/e/csm_MAMIA_1X1_4_76e844926e.jpg", "product_price": "$10.99", "former_price": "", "page": "home-of-the-lowest-prices", "base_price": "22c per nappy"},
{"product_amount": "44pk", "product_link": "https://www.aldi.com.au/en/groceries/home-of-the-lowest-prices/home-of-the-lowest-prices-detail/ps/p/mamia-junior-unisex-nappies-16-25kg-44pk/", "product_description": "", "product_name": "Mamia Junior Unisex Nappies 16-25kg 44pk", "image_link": "https://www.aldi.com.au/fileadmin/fm-dam/Products/Groceries/Home_of_the_Lowest_Prices/ALC7713_1x1_228x128_MAMIA_UPDATE-2_3.jpg", "product_price": "$10.99", "former_price": "", "page": "home-of-the-lowest-prices", "base_price": "25c per nappy"},
{"product_amount": "48pk", "product_link": "https://www.aldi.com.au/en/groceries/home-of-the-lowest-prices/home-of-the-lowest-prices-detail/ps/p/mamia-walker-unisex-nappies-13-18kg-48pk-3/", "product_description": "", "product_name": "Mamia Walker Unisex Nappies 13-18kg 48pk", "image_link": "https://www.aldi.com.au/fileadmin/_processed_/c/a/csm_ALC6187_1x1_12_d00e83ec9e.jpg", "product_price": "$10.99", "former_price": "", "page": "home-of-the-lowest-prices", "base_price": "23c per nappy"},
{"product_amount": "60pk", "product_link": "https://www.aldi.com.au/en/groceries/home-of-the-lowest-prices/home-of-the-lowest-prices-detail/ps/p/mamia-infant-unisex-nappies-4-8kg-60pk-2/", "product_description": "", "product_name": "Mamia Infant Unisex Nappies 4-8kg 60pk", "image_link": "https://www.aldi.com.au/fileadmin/_processed_/c/2/csm_MAMIA_1X1_2_2e881054e6.jpg", "product_price": "$10.99", "former_price": "", "page": "home-of-the-lowest-prices", "base_price": "18c per nappy"},
{"product_amount": "ea", "product_link": "https://www.aldi.com.au/en/groceries/home-of-the-lowest-prices/home-of-the-lowest-prices-detail/ps/p/deli-originals-tzatziki-dip-200g/", "product_description": "", "product_name": "Deli Originals Tzatziki Dip 200g", "image_link": "https://www.aldi.com.au/fileadmin/fm-dam/Products/Groceries/Home_of_the_Lowest_Prices/Products/Week_19/ALC6830_1x1_HOTLP_228x128_13.jpg", "product_price": "$1.79", "former_price": "$1.99", "page": "home-of-the-lowest-prices", "base_price": "90c per 100g"},
{"product_amount": "ea", "product_link": "https://www.aldi.com.au/en/groceries/home-of-the-lowest-prices/home-of-the-lowest-prices-detail/ps/p/deli-originals-hommus-dip-250g/", "product_description": "", "product_name": "Deli Originals Hommus Dip 250g", "image_link": "https://www.aldi.com.au/fileadmin/fm-dam/Products/Groceries/Home_of_the_Lowest_Prices/Products/Week_19/ALC6830_1x1_HOTLP_228x128_14.jpg", "product_price": "$1.49", "former_price": "$1.79", "page": "home-of-the-lowest-prices", "base_price": "60c per 100g"},
{"product_amount": "ea", "product_link": "https://www.aldi.com.au/en/groceries/home-of-the-lowest-prices/home-of-the-lowest-prices-detail/ps/p/deli-originals-guacamole-dip-200g/", "product_description": "", "product_name": "Deli Originals Guacamole Dip 200g", "image_link": "https://www.aldi.com.au/fileadmin/fm-dam/Products/Groceries/Home_of_the_Lowest_Prices/Products/Week_19/ALC6830_1x1_HOTLP_228x128_15.jpg", "product_price": "$1.89", "former_price": "", "page": "home-of-the-lowest-prices", "base_price": "95c per 100g"},
{"product_amount": "", "product_link": "https://www.aldi.com.au/en/groceries/home-of-the-lowest-prices/home-of-the-lowest-prices-detail/ps/p/sprinters-snack-stack-chips-160g/", "product_description": "", "product_name": "Sprinters Snack Stack Chips 160g", "image_link": "https://www.aldi.com.au/fileadmin/fm-dam/Products/Groceries/Home_of_the_Lowest_Prices/Products/Week_19/ALC6830_1x1_HOTLP_228x128_6.jpg", "product_price": "$1.59", "former_price": "$1.79", "page": "home-of-the-lowest-prices", "base_price": "99c per 100g"},
{"product_amount": "ea", "product_link": "https://www.aldi.com.au/en/groceries/home-of-the-lowest-prices/home-of-the-lowest-prices-detail/ps/p/tricare-liquid-hand-wash-250ml-milk-honey/", "product_description": "", "product_name": "Tricare Liquid Hand Wash 250ml - Milk & Honey", "image_link": "https://www.aldi.com.au/fileadmin/fm-dam/Products/Groceries/Home_of_the_Lowest_Prices/Products/Week_19/ALC6830_1x1_HOTLP_228x128_8.jpg", "product_price": "$1.39", "former_price": "$1.49", "page": "home-of-the-lowest-prices", "base_price": "56c per 100ml"},
{"product_amount": "ea", "product_link": "https://www.aldi.com.au/en/groceries/home-of-the-lowest-prices/home-of-the-lowest-prices-detail/ps/p/tricare-liquid-hand-wash-250ml-aloe-vera-chamomile/", "product_description": "", "product_name": "Tricare Liquid Hand Wash 250ml - Aloe Vera & Chamomile", "image_link": "https://www.aldi.com.au/fileadmin/fm-dam/Products/Groceries/Home_of_the_Lowest_Prices/Products/Week_19/ALC6830_1x1_HOTLP_228x128_9.jpg", "product_price": "$1.39", "former_price": "$1.59", "page": "home-of-the-lowest-prices", "base_price": "56c per 100ml"},
{"product_amount": "ea", "product_link": "https://www.aldi.com.au/en/groceries/home-of-the-lowest-prices/home-of-the-lowest-prices-detail/ps/p/juliet-body-shower-gel-500mll/", "product_description": "", "product_name": "Juliet Body Shower Gel 500ml", "image_link": "https://www.aldi.com.au/fileadmin/fm-dam/Products/Groceries/Home_of_the_Lowest_Prices/Products/Week_19/ALC6830_1x1_HOTLP_228x128_11.jpg", "product_price": "$1.99", "former_price": "$2.39", "page": "home-of-the-lowest-prices", "base_price": "40c per 100ml"},
{"product_amount": "ea", "product_link": "https://www.aldi.com.au/en/groceries/home-of-the-lowest-prices/home-of-the-lowest-prices-detail/ps/p/juliet-body-shower-gel-500ml-milk-honey/", "product_description": "", "product_name": "Juliet Body Shower Gel 500ml - Milk & Honey", "image_link": "https://www.aldi.com.au/fileadmin/fm-dam/Products/Groceries/Home_of_the_Lowest_Prices/Products/Week_19/ALC6830_1x1_HOTLP_228x128_10.jpg", "product_price": "$1.99", "former_price": "$2.39", "page": "home-of-the-lowest-prices", "base_price": "40c per 100ml"},
{"product_amount": "", "product_link": "https://www.aldi.com.au/en/groceries/home-of-the-lowest-prices/home-of-the-lowest-prices-detail/ps/p/almare-fresh-salmon-fillets-280g2pk/", "product_description": "", "product_name": "Almare Fresh Salmon Fillets 280g/2pk", "image_link": "https://www.aldi.com.au/fileadmin/fm-dam/Products/Groceries/Home_of_the_Lowest_Prices/Products/Week_17_18/ALC6822_1x1_HOTLP_WK18_228x128_5.jpg", "product_price": "$8.99", "former_price": "", "page": "home-of-the-lowest-prices", "base_price": "$32.11 per kg"},
{"product_amount": "ea", "product_link": "https://www.aldi.com.au/en/groceries/home-of-the-lowest-prices/home-of-the-lowest-prices-detail/ps/p/chefs-cupboard-instant-gravy-120g/", "product_description": "", "product_name": "Chefs' Cupboard Instant Gravy 120g", "image_link": "https://www.aldi.com.au/fileadmin/fm-dam/Products/Groceries/Home_of_the_Lowest_Prices/Products/Week_17_18/ALC6822_1x1_HOTLP_WK18_228x128_6.jpg", "product_price": "$2.59", "former_price": "$1.69", "page": "home-of-the-lowest-prices", "base_price": "13c per 10g"},
{"product_amount": "ea", "product_link": "https://www.aldi.com.au/en/groceries/home-of-the-lowest-prices/home-of-the-lowest-prices-detail/ps/p/remano-pasta-sauce-500g/", "product_description": "", "product_name": "Remano Pasta Sauce 500g", "image_link": "https://www.aldi.com.au/fileadmin/fm-dam/Products/Groceries/Home_of_the_Lowest_Prices/Products/Week_17_18/ALC6822_1x1_HOTLP_WK18_228x128_9.jpg", "product_price": "$1.59", "former_price": "$1.69", "page": "home-of-the-lowest-prices", "base_price": "32c per 100g"},
{"product_amount": "2kg", "product_link": "https://www.aldi.com.au/en/groceries/home-of-the-lowest-prices/home-of-the-lowest-prices-detail/ps/p/merryfield-white-sugar-2kg/", "product_description": "", "product_name": "Merryfield White Sugar 2kg", "image_link": "https://www.aldi.com.au/fileadmin/fm-dam/Products/Groceries/Home_of_the_Lowest_Prices/Products/Week_15_16/ALC6674_1x1_WK15-16_PRODUCTS_1.jpg", "product_price": "$1.79", "former_price": "", "page": "home-of-the-lowest-prices", "base_price": "9c per 100g"},
{"product_amount": "1kg", "product_link": "https://www.aldi.com.au/en/groceries/home-of-the-lowest-prices/home-of-the-lowest-prices-detail/ps/p/berg-middle-bacon-1kg-1/", "product_description": "", "product_name": "Berg Middle Bacon 1kg", "image_link": "https://www.aldi.com.au/fileadmin/fm-dam/Products/Groceries/Home_of_the_Lowest_Prices/Products/Week_15_16/ALC6674_1x1_WK15-16_PRODUCTS_4.jpg", "product_price": "$7.99", "former_price": "", "page": "home-of-the-lowest-prices", "base_price": "$7.99 per kg"},
{"product_amount": "ea", "product_link": "https://www.aldi.com.au/en/groceries/home-of-the-lowest-prices/home-of-the-lowest-prices-detail/ps/p/sunnyvale-light-olive-spread-500g/", "product_description": "", "product_name": "Sunnyvale Light Olive Spread 500g", "image_link": "https://www.aldi.com.au/fileadmin/fm-dam/Products/Groceries/Home_of_the_Lowest_Prices/Products/Week_15_16/ALC6674_1x1_WK15-16_PRODUCTS_5.jpg", "product_price": "$1.89", "former_price": "", "page": "home-of-the-lowest-prices", "base_price": "38c per 100g"},
{"product_amount": "ea", "product_link": "https://www.aldi.com.au/en/groceries/home-of-the-lowest-prices/home-of-the-lowest-prices-detail/ps/p/sunnyvale-classic-olive-spread-500g/", "product_description": "", "product_name": "Sunnyvale Classic Olive Spread 500g", "image_link": "https://www.aldi.com.au/fileadmin/fm-dam/Products/Groceries/Home_of_the_Lowest_Prices/Products/Week_15_16/ALC6674_1x1_WK15-16_PRODUCTS_6.jpg", "product_price": "$1.89", "former_price": "", "page": "home-of-the-lowest-prices", "base_price": "38c per 100g"},
{"product_amount": "", "product_link": "https://www.aldi.com.au/en/groceries/home-of-the-lowest-prices/home-of-the-lowest-prices-detail/ps/p/crunchy-fun-multi-pack-380g/", "product_description": "", "product_name": "Crunchy Fun Multi Pack 380g", "image_link": "https://www.aldi.com.au/fileadmin/fm-dam/Products/Groceries/Home_of_the_Lowest_Prices/Products/ALC6674_PRODUCTS__1x1__7_01.jpg", "product_price": "$3.99", "former_price": "", "page": "home-of-the-lowest-prices", "base_price": "$1.05 per 100g"},
{"product_amount": "", "product_link": "https://www.aldi.com.au/en/groceries/home-of-the-lowest-prices/home-of-the-lowest-prices-detail/ps/p/chazoos-multi-pack-380g/", "product_description": "", "product_name": "Chazoos Multi Pack 380g", "image_link": "https://www.aldi.com.au/fileadmin/fm-dam/Products/Groceries/Home_of_the_Lowest_Prices/Products/ALC6674_PRODUCTS__1x1__8_01.jpg", "product_price": "$3.99", "former_price": "", "page": "home-of-the-lowest-prices", "base_price": "$1.05 per 100g"},
{"product_amount": "", "product_link": "https://www.aldi.com.au/en/groceries/home-of-the-lowest-prices/home-of-the-lowest-prices-detail/ps/p/bakers-life-white-wraps-8pk360g/", "product_description": "", "product_name": "Bakers Life White Wraps 8pk/360g", "image_link": "https://www.aldi.com.au/fileadmin/fm-dam/Products/Groceries/Home_of_the_Lowest_Prices/Products/ALC6674_PRODUCTS__1x1__06.jpg", "product_price": "$1.99", "former_price": "", "page": "home-of-the-lowest-prices", "base_price": "55c per 100g"},
{"product_amount": "", "product_link": "https://www.aldi.com.au/en/groceries/home-of-the-lowest-prices/home-of-the-lowest-prices-detail/ps/p/monarc-indulge-caramel-temptation-ice-cream-1ll/", "product_description": "", "product_name": "Monarc Indulge Caramel Temptation Ice Cream 1L", "image_link": "https://www.aldi.com.au/fileadmin/fm-dam/Products/Groceries/Home_of_the_Lowest_Prices/Products/ALC6674_PRODUCTS__1x1__25.jpg", "product_price": "$4.49", "former_price": "", "page": "home-of-the-lowest-prices", "base_price": "45c per 100ml"},
{"product_amount": "", "product_link": "https://www.aldi.com.au/en/groceries/home-of-the-lowest-prices/home-of-the-lowest-prices-detail/ps/p/monarc-indulge-triple-mudcake-ice-cream-1l/", "product_description": "", "product_name": "Monarc Indulge Triple Mudcake Ice Cream 1L", "image_link": "https://www.aldi.com.au/fileadmin/fm-dam/Products/Groceries/Home_of_the_Lowest_Prices/Products/ALC6674_PRODUCTS__1x1__24.jpg", "product_price": "$4.49", "former_price": "", "page": "home-of-the-lowest-prices", "base_price": "45c per 100ml"},
{"product_amount": "", "product_link": "https://www.aldi.com.au/en/groceries/home-of-the-lowest-prices/home-of-the-lowest-prices-detail/ps/p/monarc-indulge-cookies-cream-ice-cream-1l-1/", "product_description": "", "product_name": "Monarc Indulge Cookies & Cream Ice Cream 1L", "image_link": "https://www.aldi.com.au/fileadmin/fm-dam/Products/Groceries/Home_of_the_Lowest_Prices/Products/ALC6674_PRODUCTS__1x1__23.jpg", "product_price": "$4.49", "former_price": "", "page": "home-of-the-lowest-prices", "base_price": "45c per 100ml"},
{"product_amount": "", "product_link": "https://www.aldi.com.au/en/groceries/home-of-the-lowest-prices/home-of-the-lowest-prices-detail/ps/p/sweet-haven-mixed-berries-500g-1/", "product_description": "", "product_name": "Sweet Haven Mixed Berries 500g", "image_link": "https://www.aldi.com.au/fileadmin/fm-dam/Products/Groceries/Home_of_the_Lowest_Prices/Products/ALC6674_PRODUCTS__1x1__34.jpg", "product_price": "$3.69", "former_price": "", "page": "home-of-the-lowest-prices", "base_price": "7.38 per kg"},
{"product_amount": "", "product_link": "https://www.aldi.com.au/en/groceries/home-of-the-lowest-prices/home-of-the-lowest-prices-detail/ps/p/sweet-haven-raspberries-500g-1/", "product_description": "", "product_name": "Sweet Haven Raspberries 500g", "image_link": "https://www.aldi.com.au/fileadmin/_processed_/8/3/csm_ALC6236_1x1_8_b13502bf20.jpg", "product_price": "$3.69", "former_price": "", "page": "home-of-the-lowest-prices", "base_price": "7.38 per kg"},
{"product_amount": "", "product_link": "https://www.aldi.com.au/en/groceries/home-of-the-lowest-prices/home-of-the-lowest-prices-detail/ps/p/prince-calibre-6-razor-blade-system/", "product_description": "", "product_name": "Prince Calibre 6 Razor Blade System", "image_link": "https://www.aldi.com.au/fileadmin/fm-dam/Products/Groceries/Home_of_the_Lowest_Prices/Products/ALC6674_PRODUCTS__1x1__17.jpg", "product_price": "$6.99", "former_price": "", "page": "home-of-the-lowest-prices", "base_price": ""},
{"product_amount": "", "product_link": "https://www.aldi.com.au/en/groceries/home-of-the-lowest-prices/home-of-the-lowest-prices-detail/ps/p/monarc-silver-scoop-vanilla-ice-cream-2l-1/", "product_description": "", "product_name": "Monarc Silver Scoop Vanilla Ice Cream 2L", "image_link": "https://www.aldi.com.au/fileadmin/_processed_/f/e/csm_ALC6236_1x1_3_2599832b04.jpg", "product_price": "$3.99", "former_price": "", "page": "home-of-the-lowest-prices", "base_price": "20c per 100ml"},
{"product_amount": "", "product_link": "https://www.aldi.com.au/en/groceries/home-of-the-lowest-prices/home-of-the-lowest-prices-detail/ps/p/international-cuisine-yum-cha-410g-1/", "product_description": "", "product_name": "International Cuisine Yum Cha 410g", "image_link": "https://www.aldi.com.au/fileadmin/_processed_/c/8/csm_ALC6236_1x1_4_35a5625282.jpg", "product_price": "$3.69", "former_price": "", "page": "home-of-the-lowest-prices", "base_price": "90c per 100g"},
{"product_amount": "", "product_link": "https://www.aldi.com.au/en/groceries/home-of-the-lowest-prices/home-of-the-lowest-prices-detail/ps/p/international-cuisine-spring-rolls-680g-1/", "product_description": "", "product_name": "International Cuisine Spring Rolls 680g", "image_link": "https://www.aldi.com.au/fileadmin/_processed_/6/7/csm_ALC6236_1x1_5_5ed50b4503.jpg", "product_price": "$3.69", "former_price": "", "page": "home-of-the-lowest-prices", "base_price": "54c per 100g"},
{"product_amount": "", "product_link": "https://www.aldi.com.au/en/groceries/home-of-the-lowest-prices/home-of-the-lowest-prices-detail/ps/p/international-cuisine-shepherds-pie-400g-1/", "product_description": "", "product_name": "International Cuisine Shepherd's Pie 400g", "image_link": "https://www.aldi.com.au/fileadmin/_processed_/9/3/csm_ALC6236_1x1_11_1dff328cf6.jpg", "product_price": "$3.49", "former_price": "", "page": "home-of-the-lowest-prices", "base_price": "87c per 100g"},
{"product_amount": "", "product_link": "https://www.aldi.com.au/en/groceries/home-of-the-lowest-prices/home-of-the-lowest-prices-detail/ps/p/international-cuisine-macaroni-cheese-375g-1/", "product_description": "", "product_name": "International Cuisine Macaroni & Cheese 375g", "image_link": "https://www.aldi.com.au/fileadmin/_processed_/8/a/csm_ALC6236_1x1_14_d13aa588da.jpg", "product_price": "$3.29", "former_price": "", "page": "home-of-the-lowest-prices", "base_price": "88c per 100g"},
{"product_amount": "", "product_link": "https://www.aldi.com.au/en/groceries/home-of-the-lowest-prices/home-of-the-lowest-prices-detail/ps/p/market-fare-extra-juicy-corn-kernels-1kg-2/", "product_description": "", "product_name": "Market Fare Extra Juicy Corn Kernels 1kg", "image_link": "https://www.aldi.com.au/fileadmin/_processed_/f/f/csm_WK30_CoreRange_1x1_3_28485b654c.jpg", "product_price": "$2.49", "former_price": "", "page": "home-of-the-lowest-prices", "base_price": "$2.49 per kg"}
]